3140 5213
1486 373 1927 440 „76—

493 533 635 598 dem
663 532 1412 599 Kommentatorenwerk
1439 533 1548 598 des
1577 534 1906 618 Boethius,
1935 535 2047 599 der
2074 534 2175 599 die
2201 532 2715 618 Neuplatom'ker
2748 533 2960 597 iiber-

492 645 670 725 setzt‚
715 665 794 705 zu
840 645 1150 706 erwarten
1164 638 1215 728 ¹)
1262 641 1394 706 und
1436 641 1619 707 nicht
1662 642 1912 707 mindcr
1955 642 2060 707 bei
2106 641 2229 706 den
2271 645 2568 725 sp‘aeitcren
2605 639 2959 706 Gramma-

491 748 721 833 tikern‚
739 748 978 813 welche
998 748 1120 813 den
1137 747 1564 814 Unterschjed
1581 771 1710 813 von
1728 749 1936 815 littera
1953 749 2086 814 und
2103 749 2458 815 elementum
2478 748 2851 834 einpriigen.
2869 745 2956 834 ²).

668 854 1128 921 Interessanter
1181 856 1269 920 ist
1322 877 1389 920 88
1398 906 1416 939 ‚
1473 856 1613 920 dass
1657 855 1970 921 Boethius
2027 878 2139 920 aus
2195 856 2414 921 seinen
2466 854 2954 941 Neupythago-

494 984 679 1027 reern
732 960 825 1049 (Ν
826 959 1218 1050 1801118811118)
1274 962 1437 1027 auch
1493 963 1595 1027 (118
1650 962 2575 1050 pythagoreisch-platonische
2630 961 2954 1026 Verwen-

495 1070 670 1155 dung
705 1069 812 1133 fiir
848 1071 950 1134 (118
985 1069 1260 1136 Μο118ᾶ8
1296 1070 1757 1135 iibernommen
1791 1066 1989 1157 hat-³),
2021 1071 2091 1154 ja
2127 1092 2317 1156 sogal·
2353 1069 2455 1135 die
2493 1070 2636 1134 dem
2670 1068 2953 1133 Timiius

498 1176 991 1263 cigentiimliche
1028 1177 1478 1264 Bezeichnung
1515 1177 1626 1242 des
1661 1176 1968 1242 Dreiecks
2013 1177 2215 1242 findet
2260 1177 2397 1242 sich
2441 1177 2607 1241 hier:
2653 1177 2953 1241 omnium

490 1283 841 1365 formarum
885 1285 1272 1367 principium
1326 1283 1798 1367 elementumque
1851 1304 1975 1349 esse
2029 1281 2495 1371 trianqulumf)
2588 1281 2674 1348 So
2732 1281 2952 1348 heisst

497 1389 658 1454 auch
723 1391 1106 1477 iibertragen
1169 1389 1286 1454 auf
1343 1390 1444 1454 (118
1507 1389 1727 1455 Musik
1790 1391 1892 1456 (118
1962 1389 2210 1455 Oktave
2279 1391 2391 1455 das
2460 1389 2761 1455 Element
2827 1390 2955 1454 der

493 1496 670 1562 Τὸ118
683 1494 755 1584 ⁵),
802 1497 1104 1562 wahrend
1149 1497 1261 1561 das
1306 1496 1568 1581 Kapitel
1617 1498 1728 1562 der
1772 1496 1928 1563 Inst.
1973 1520 2134 1563 111118.
2180 1496 2213 1562 Ι
2233 1526 2242 1536 ·
2260 1497 2301 1561 3
2347 1500 2421 1563 de
2463 1498 2706 1564 vocibus
2752 1518 2830 1562 ac
2866 1499 2952 1562 de

668 1763 720 1830 1)
739 1760 835 1815 Ich
853 1760 996 1816 hebe
1017 1761 1141 1816 eine
1160 1763 1334 1816 etwas
1348 1761 1596 1832 weniger
1608 1761 1833 1817 triviale
1850 1761 2023 1817 Stelle
2036 1762 2239 1818 hervor
2252 1779 2352 1816 aus
2374 1762 2444 1817 de
2459 1761 2689 1831 interpr.
2701 1761 2727 1815 I
2746 1767 2836 1830 35,
2849 1768 2945 1816 23.

493 1849 549 1903 11
587 1855 671 1920 20,
702 1855 789 1918 33,
824 1850 941 1906 bes.
979 1851 1031 1904 H
1068 1856 1154 1921 22,
1183 1856 1250 1904 27
1271 1850 1328 1905 ff.
1365 1851 1573 1906 Meiser
1617 1894 1629 1906 .
1654 1868 1823 1907 ..nos
1865 1853 1929 1906 in
1975 1851 2309 1922 supradictis
2356 1852 2635 1907 sententiis
2683 1852 2949 1906 elemento

493 1944 652 2008 atque
697 1939 879 1994 littera
916 1941 1225 2010 promiscue
1267 1941 1359 1995 usi
1402 1957 1614 2007 sumus,
1671 1957 1809 2010 quae
1852 1946 2032 1995 autem
2075 1942 2149 1995 sit
2190 1942 2383 1996 horum
2427 1940 2697 1996 distantia
2733 1941 2948 2010 paucis

493 2028 778 2084 absolvam.
847 2029 1026 2084 littera
1062 2036 1140 2084 est
1173 2029 1461 2099 inscriptio
1497 2036 1659 2099 atque
1691 2030 1874 2101 fiqura
1902 2031 2085 2099 partis
2119 2031 2377 2085 minimae
2411 2031 2556 2085 vocis
2591 2030 2946 2096 articulatae,

494 2117 808 2172 elementum
853 2134 975 2173 vero
1018 2134 1185 2173 sonus
1229 2119 1405 2187 ipsius
1446 2119 1822 2188 inscriptionis
1855 2125 1921 2173 ut
1954 2136 2079 2174 cum
2113 2120 2288 2174 scribo
2325 2120 2539 2174 literam
2574 2135 2713 2189 quae
2747 2124 2827 2173 est
2864 2120 2946 2185 A,

490 2206 735 2273 formula
777 2208 903 2276 ipsa
948 2224 1086 2276 quae
1136 2213 1438 2262 atramento
1482 2208 1565 2261 vel
1607 2209 1839 2278 qraphio
1884 2209 2142 2263 scribitur
2186 2209 2367 2263 littera
2418 2209 2764 2274 nominatur,
2820 2209 2946 2276 ipse

492 2311 616 2350 vero
658 2311 824 2351 sonus
868 2312 973 2366 quo
1007 2297 1186 2365 ipsam
1223 2296 1459 2350 litteram
1493 2312 1617 2351 voce
1643 2298 1980 2366 proferimus
2014 2297 2219 2353 dicitur
2255 2298 2568 2352 elementum
2577 2318 2599 2364 ;
2648 2295 2761 2365 vgl.
2800 2295 2942 2350 Dio-

492 2383 636 2439 med.
674 2383 726 2437 11
759 2402 813 2454 p.
841 2389 945 2439 421
975 2384 1041 2439 K.
1080 2384 1323 2439 Scamus
1358 2384 1436 2439 sic
1471 2400 1591 2439 eam
1636 2386 1713 2457 [n.
1754 2387 1956 2458 littera]
2004 2387 2221 2454 definit:
2285 2387 2466 2442 littera
2510 2393 2587 2441 est
2629 2387 2774 2441 vocis
2819 2387 2945 2441 eius

493 2489 630 2543 quae
674 2475 839 2529 scribi
874 2480 1051 2542 potest
1091 2474 1275 2541 forma
1283 2493 1305 2540 ,·
1367 2473 1681 2529 elementum
1736 2481 1815 2530 est
1847 2476 2078 2530 minima
2112 2477 2197 2530 vis
2232 2481 2282 2530 et
2316 2474 2672 2530 indivisibilis
2706 2475 2945 2529 materia

492 2564 638 2619 vocis
673 2564 997 2619 articulatae
1029 2563 1112 2618 vel
1146 2563 1576 2635 uniuscuiusque
1611 2565 1694 2619 rei
1728 2565 1954 2619 initium
1989 2582 2026 2619 a
2062 2581 2168 2635 quo
2203 2565 2439 2621 sumitur
2472 2566 2860 2620 incrementwn
2890 2570 2943 2619 et

492 2655 557 2707 in
590 2654 736 2723 quod
769 2653 1068 2708 resolvitur.
1142 2652 1310 2707 huius
1343 2652 1527 2723 fiqura
1565 2654 1746 2709 littera
1779 2661 2005 2710 vocatur
2032 2697 2044 2708 .
2077 2698 2088 2710 .
2121 2698 2132 2709 .
2164 2655 2372 2710 litteras
2407 2655 2570 2709 etiam
2605 2661 2800 2709 veteres
2835 2654 2938 2708 ele·

492 2747 674 2796 menta
708 2741 795 2795 dia
809 2748 995 2808 erunt,
1031 2742 1176 2810 quod
1211 2741 1511 2796 orationem
1545 2744 1692 2797 velut
1726 2743 1993 2812 quaedam
2026 2744 2238 2798 semina
2272 2750 2594 2799 construant
2626 2748 2790 2813 atque
2824 2745 2940 2798 dis-

493 2831 707 2886 solvant
742 2873 755 2885 .
797 2873 809 2885 .
851 2874 862 2885 .
901 2832 1118 2902 iyitur
1180 2830 1569 2884 elementum
1640 2831 2092 2902 intelliqitur,
2164 2833 2400 2887 littera
2461 2832 2813 2900 scribitur,
2880 2835 2939 2887 A

493 2919 918 2986 nominatur;
980 2916 1150 2972 Prisc.
1189 2916 1215 2970 Ι
1250 2922 1284 2970 4
1320 2935 1374 2987 p.
1407 2924 1437 2972 6
1474 2918 1542 2973 Η.
1594 2919 1780 2973 literas
1824 2925 2004 2974 autem
2049 2920 2213 2974 etiam
2257 2920 2633 2976 elementorum
2674 2922 2940 2975 vocabulo

493 3011 949 3076 nmwupaverwnt
983 3008 1060 3062 ad
1094 3006 1507 3062 similitudinem
1542 3008 1739 3061 mundi
1775 3008 2175 3063 elementorum.-
2210 3009 2352 3064 sicut
2386 3011 2529 3065 enim
2554 3010 2657 3064 illa
2683 3011 2939 3065 coeuntia

493 3113 647 3151 omne
692 3098 988 3166 perficiunt
1041 3113 1263 3167 corpus,
1328 3097 1408 3151 sic
1460 3097 1625 3151 etiam
1676 3098 1808 3152 haec
1860 3098 2153 3151 coniuncta
2216 3099 2478 3162 literalem
2530 3114 2712 3154 vocem
2775 3101 2940 3169 quasi

491 3201 688 3255 corpus
737 3186 960 3255 aliquod
1003 3193 1332 3255 componunt
1380 3186 1463 3240 vel
1513 3186 1689 3256 maqis
1738 3203 1856 3241 vere
1906 3203 2103 3256 corpus
2152 3186 2422 3257 (insofern
2464 3185 2611 3241 118811
2663 3187 2939 3244 8101881181·

493 3274 671 3328 Lehre
694 3257 801 3328 'die
840 3273 1002 3343 φωνή
1028 3274 1163 3329 Luft
1197 3274 1314 3328 und
1352 3274 1506 3329 <nese
1541 3274 1821 3329 materiell
1856 3274 1980 3346 ist),
2021 3294 2070 3345 p.
2104 3281 2153 3344 8,
2182 3282 2250 3330 23
2290 3276 2449 3331 utera
2483 3283 2561 3331 est
2596 3277 2770 3347 iqitur
2803 3286 2937 3333 nota

493 3364 735 3419 elementi
749 3405 761 3417 .
776 3405 786 3416 .
802 3363 1081 3417 ‚elementa
1101 3365 1324 3433 proprie
1350 3365 1613 3420 dicimtwr
1639 3365 1790 3434 ipsae
1808 3367 2309 3436 pronuntiationes,
2335 3373 2495 3421 notae
2531 3373 2712 3422 autem
2745 3384 2936 3422 earum

495 3453 694 3508 literae.
752 3452 971 3507 abusive
997 3458 1177 3506 tamen
1203 3460 1253 3508 et
1279 3453 1536 3508 elementa
1555 3469 1663 3523 pro
1702 3454 1873 3509 literis
1908 3462 1958 3510 et
1993 3456 2180 3510 literae
2207 3471 2314 3525 pro
2350 3456 2621 3511 elementis
2653 3463 2932 3511 vocantur.

673 3543 727 3612 2)
771 3540 1153 3611 Merkwfirdig
1195 3540 1273 3596 ist
1319 3542 1419 3597 der
1462 3542 1898 3612 grammatische
1943 3542 2236 3598 Terminus
2282 3543 2376 3598 bei
2421 3543 2675 3599 Priscian
2710 3544 2865 3600 XVII
2900 3550 2933 3599 8

495 3630 547 3686 S.
581 3635 700 3699 112,
731 3635 798 3685 14
834 3631 1149 3686 elementum
1183 3637 1260 3685 est
1294 3632 1517 3701 quando
1551 3633 1617 3686 in
1651 3632 1761 3687 duo
1798 3633 2068 3688 dividitur
2103 3633 2261 3689 modo
2295 3634 2557 3704 syllabico
2591 3635 2654 3688 id
2689 3640 2767 3689 est
2808 3651 2930 3690 con-

493 3720 838 3790 templatione
872 3727 1170 3790 temporum
1202 3727 1267 3775 ut
1298 3721 1421 3788 fieri
1447 3736 1556 3790 pro
1591 3722 1717 3788 fiiri;
1754 3722 1918 3792 lonqa
1952 3724 2096 3776 enim
2131 3723 2195 3776 in
2229 3723 2372 3777 duas
2409 3724 2586 3778 breves
2620 3723 2803 3778 divisa
2835 3731 2928 3794 est·

493 3811 743 3866 similiter
778 3809 1054 3866 admittier
1084 3826 1187 3879 pro
1225 3810 1459 3877 admitti,
1497 3809 1548 3864 d.
1579 3809 1632 3864 h.
1674 3808 1766 3864 die
1804 3809 2146 3881 zweisilbige
2172 3810 2340 3865 Form
2374 3810 2516 3865 wird
2553 3809 2637 3865 818
2675 3810 2930 3867 Element

496 3898 595 3953 (181·
631 3897 1044 3953 contrahierten
1083 3897 1401 3968 ausgefasst.
1476 3898 1950 3954 Missverstanden
1984 3899 2087 3954 hat
2124 3898 2216 3953 die
2255 3898 2430 3954 Sache
2469 3899 2568 3954 der
2604 3917 2720 3972 sog.
2759 3899 2926 3957 Prisc.

496 3988 566 4043 de
603 3989 814 4060 accent.
856 3993 904 4056 1,
933 3992 966 4041 3
1001 3987 1080 4041 III
1116 3988 1168 4042 S.
1199 3992 1304 4042 520
1338 3988 1407 4042 Η.

672 4080 726 4147 3)
761 4077 894 4132 Inst.
934 4076 1156 4132 arithm.
1195 4077 1247 4131 11
1290 4086 1310 4131 ι
1352 4095 1409 4147 p.
1441 4082 1525 4147 79,
1554 4081 1622 4130 25
1659 4076 1864 4132 Friedl.
1911 4080 2102 4133 unitas
2138 4079 2481 4148 principium
2524 4083 2576 4134 et
2618 4078 2930 4135 elementum

498 4174 585 4223 est.
640 4166 862 4222 Ebenso
899 4166 926 4219 I
962 4172 1028 4221 15
1068 4166 1120 4222 S.
1153 4173 1237 4235 31,
1271 4172 1336 4220 15
1373 4168 1433 4221 hi
1471 4169 1621 4235 (uni)
1660 4173 1840 4222 autem
1875 4168 1939 4221 in
1973 4174 2132 4222 semet
2166 4169 2314 4237 ipsos
2338 4168 2691 4237 multiplicati
2714 4169 2930 4235 faciunt

493 4258 634 4312 alios
669 4272 923 4311 numeros
956 4257 1101 4311 velut
1129 4257 1303 4326 primi
1338 4272 1525 4327 eosque
1552 4258 1798 4326 primam
1832 4273 2014 4312 rerum
2048 4258 2412 4313 substantiam
2456 4258 2668 4327 vimque
2714 4259 2930 4313 sortitos

493 4353 810 4402 wictorum
847 4364 884 4400 a
920 4362 976 4401 se
1003 4352 1414 4416 procreatorum
1447 4346 1593 4401 velut
1628 4347 1894 4417 quaedam
1929 4347 2187 4402 elementa
2221 4348 2505 4417 repperies.

672 4437 727 4506 4)
762 4434 814 4488 Π
852 4441 918 4490 19
958 4434 1011 4490 S.
1043 4440 1165 4503 104,
1196 4441 1280 4504 13,
1316 4434 1430 4504 vgl.
1470 4440 1538 4489 34
1575 4437 1718 4505 (131,
1751 4437 1853 4506 16).

672 4527 727 4594 5)
762 4523 814 4577 H
850 4528 917 4577 48
956 4523 1007 4578 S.
1042 4529 1159 4593 155,
1191 4529 1257 4578 16
1303 4524 1631 4595 symphonia
1679 4526 2045 4593 diatessaron,
2094 4541 2233 4595 quae
2268 4526 2527 4596 princeps
2576 4533 2653 4581 est
2701 4532 2752 4581 et
2802 4543 2928 4596 quo-

496 4613 782 4670 dammodo
817 4615 927 4668 vim
962 4614 1207 4669 obtinens
1242 4614 1498 4670 elementi.
