<?xml version="1.0" encoding="UTF-8"?>
<!DOCTYPE html PUBLIC "-//W3C//DTD XHTML 1.0 Transitional//EN"
    "http://www.w3.org/TR/xhtml1/DTD/xhtml1-transitional.dtd">
<html xmlns="http://www.w3.org/1999/xhtml" xml:lang="en" lang="en">
 <head>
  <title>
</title>
<meta http-equiv="Content-Type" content="text/html;charset=utf-8" />
  <meta name='ocr-system' content='tesseract 3.04.00' />
  <meta name='ocr-capabilities' content='ocr_page ocr_carea ocr_par ocr_line ocrx_word'/>
</head>
<body>
  <div class='ocr_page' id='page_1' title='image "./elementumeinevo02dielgoog_0052.png"; bbox 0 0 3140 5213; ppageno 0'>
   <div class='ocr_carea' id='block_1_1' title="bbox 1519 358 1964 423">
    <p class='ocr_par' dir='ltr' id='par_1_1' title="bbox 1519 358 1964 423">
     <span class='ocr_line' id='line_1_1' title="bbox 1519 358 1964 423; baseline 0.002 -19"><span class='ocrx_word' id='word_1_1' title='bbox 1519 358 1964 423; x_wconf 71' lang='lat'>-30-</span> 
     </span>
    </p>
   </div>
   <div class='ocr_carea' id='block_1_2' title="bbox 515 516 2965 2738">
    <p class='ocr_par' dir='ltr' id='par_1_2' title="bbox 515 516 2965 2738">
     <span class='ocr_line' id='line_1_2' title="bbox 517 516 2958 604; baseline -0.001 -21"><span class='ocrx_word' id='word_1_2' title='bbox 517 519 650 583; x_wconf 84' lang='lat' dir='ltr'><strong><em>und</em></strong></span> <span class='ocrx_word' id='word_1_3' title='bbox 704 517 1086 582; x_wconf 72' lang='lat' dir='ltr'>Aristoteles</span> <span class='ocrx_word' id='word_1_4' title='bbox 1148 517 1265 582; x_wconf 77' lang='lat' dir='ltr'><strong><em>hat</em></strong></span> <span class='ocrx_word' id='word_1_5' title='bbox 1316 517 1435 581; x_wconf 88' lang='grc'><strong>11111</strong></span> <span class='ocrx_word' id='word_1_6' title='bbox 1487 517 1688 582; x_wconf 76' lang='lat' dir='ltr'>selbst</span> <span class='ocrx_word' id='word_1_7' title='bbox 1740 517 2125 604; x_wconf 73' lang='lat' dir='ltr'>angedeutet</span> <span class='ocrx_word' id='word_1_8' title='bbox 2175 516 2365 581; x_wconf 77' lang='lat' dir='ltr'>Rhet.</span> <span class='ocrx_word' id='word_1_9' title='bbox 2412 522 2478 581; x_wconf 89' lang='lat' dir='ltr'><em>A</em></span> <span class='ocrx_word' id='word_1_10' title='bbox 2520 517 2583 600; x_wconf 85' lang='lat'><strong><em>2,</em></strong></span> <span class='ocrx_word' id='word_1_11' title='bbox 2633 516 2824 581; x_wconf 62' lang='lat'>1358*</span> <span class='ocrx_word' id='word_1_12' title='bbox 2871 517 2958 581; x_wconf 82' lang='lat'><strong><em>29</em></strong></span> 
     </span>
     <span class='ocr_line' id='line_1_3' title="bbox 516 619 2963 710; baseline -0.001 -21"><span class='ocrx_word' id='word_1_13' title='bbox 516 625 822 710; x_wconf 81' lang='grc' dir='ltr'><strong><em>καθάπερ</em></strong></span> <span class='ocrx_word' id='word_1_14' title='bbox 868 619 997 688; x_wconf 86' lang='grc' dir='ltr'><strong><em>οὗν</em></strong></span> <span class='ocrx_word' id='word_1_15' title='bbox 1039 622 1152 688; x_wconf 81' lang='grc' dir='ltr'><strong><em>καὶ</em></strong></span> <span class='ocrx_word' id='word_1_16' title='bbox 1197 623 1273 688; x_wconf 81' lang='grc' dir='ltr'><strong><em>ἐν</em></strong></span> <span class='ocrx_word' id='word_1_17' title='bbox 1316 634 1457 700; x_wconf 82' lang='grc' dir='ltr'><strong><em>τοῖς</em></strong></span> <span class='ocrx_word' id='word_1_18' title='bbox 1510 628 1854 708; x_wconf 82' lang='grc' dir='ltr'><strong><em>Τοπικοῑς,</em></strong></span> <span class='ocrx_word' id='word_1_19' title='bbox 1907 622 2019 688; x_wconf 77' lang='grc' dir='ltr'><strong><em>καὶ</em></strong></span> <span class='ocrx_word' id='word_1_20' title='bbox 2076 622 2372 688; x_wconf 83' lang='grc' dir='ltr'><strong><em>ἐνταῦθα</em></strong></span> <span class='ocrx_word' id='word_1_21' title='bbox 2415 623 2780 710; x_wconf 80' lang='grc' dir='ltr'><strong><em>διαιρετέον</em></strong></span> <span class='ocrx_word' id='word_1_22' title='bbox 2820 634 2963 687; x_wconf 83' lang='grc' dir='ltr'><strong><em>τῶν</em></strong></span> 
     </span>
     <span class='ocr_line' id='line_1_4' title="bbox 519 714 2961 816; baseline -0.002 -20"><span class='ocrx_word' id='word_1_23' title='bbox 519 714 1010 816; x_wconf 77' lang='grc' dir='ltr'><strong><em>ἐνθυμημάτων</em></strong></span> <span class='ocrx_word' id='word_1_24' title='bbox 1066 731 1149 795; x_wconf 90' lang='grc' dir='ltr'><strong><em>τά</em></strong></span> <span class='ocrx_word' id='word_1_25' title='bbox 1190 754 1263 794; x_wconf 88' lang='grc' dir='ltr'><strong><em>τε</em></strong></span> <span class='ocrx_word' id='word_1_26' title='bbox 1306 731 1451 814; x_wconf 79' lang='grc' dir='ltr'><strong><em>εἴδη</em></strong></span> <span class='ocrx_word' id='word_1_27' title='bbox 1497 728 1610 795; x_wconf 81' lang='grc' dir='ltr'><strong><em>καὶ</em></strong></span> <span class='ocrx_word' id='word_1_28' title='bbox 1654 733 1814 806; x_wconf 88' lang='grc' dir='ltr'><strong><em>τοὺς</em></strong></span> <span class='ocrx_word' id='word_1_29' title='bbox 1856 732 2106 806; x_wconf 91' lang='grc' dir='ltr'><strong><em>τόπους</em></strong></span> <span class='ocrx_word' id='word_1_30' title='bbox 2149 727 2216 806; x_wconf 79' lang='grc' dir='ltr'><strong><em>ἐξ</em></strong></span> <span class='ocrx_word' id='word_1_31' title='bbox 2262 725 2360 794; x_wconf 79' lang='grc' dir='ltr'><strong><em>ὧν</em></strong></span> <span class='ocrx_word' id='word_1_32' title='bbox 2403 729 2702 813; x_wconf 80' lang='grc' dir='ltr'><strong><em>ληπτέον.</em></strong></span> <span class='ocrx_word' id='word_1_33' title='bbox 2789 727 2961 812; x_wconf 81' lang='grc' dir='ltr'><strong><em>λέγω</em></strong></span> 
     </span>
     <span class='ocr_line' id='line_1_5' title="bbox 519 831 2964 924; baseline -0.001 -22"><span class='ocrx_word' id='word_1_34' title='bbox 519 836 580 902; x_wconf 80' lang='grc' dir='ltr'><strong><em>δ’</em></strong></span> <span class='ocrx_word' id='word_1_35' title='bbox 635 839 780 922; x_wconf 76' lang='grc' dir='ltr'><strong><em>εἴδη</em></strong></span> <span class='ocrx_word' id='word_1_36' title='bbox 833 834 960 922; x_wconf 73' lang='grc' dir='ltr'><strong><em>μὲν</em></strong></span> <span class='ocrx_word' id='word_1_37' title='bbox 1011 838 1130 914; x_wconf 80' lang='grc' dir='ltr'><strong><em>τὰς</em></strong></span> <span class='ocrx_word' id='word_1_38' title='bbox 1182 835 1336 902; x_wconf 83' lang='grc' dir='ltr'><strong><em>καθ’</em></strong></span> <span class='ocrx_word' id='word_1_39' title='bbox 1392 836 1674 902; x_wconf 80' lang='grc' dir='ltr'><strong><em>ἕκαστον</em></strong></span> <span class='ocrx_word' id='word_1_40' title='bbox 1716 836 1914 920; x_wconf 80' lang='grc' dir='ltr'><strong><em>γένος</em></strong></span> <span class='ocrx_word' id='word_1_41' title='bbox 1959 837 2138 914; x_wconf 77' lang='grc' dir='ltr'><strong><em>ἰδίας</em></strong></span> <span class='ocrx_word' id='word_1_42' title='bbox 2179 837 2553 924; x_wconf 73' lang='grc' dir='ltr'><em>προτάσεις,</em></span> <span class='ocrx_word' id='word_1_43' title='bbox 2597 837 2838 913; x_wconf 89' lang='grc' dir='ltr'><strong><em>τόπους</em></strong></span> <span class='ocrx_word' id='word_1_44' title='bbox 2888 831 2964 900; x_wconf 72' lang='grc' dir='ltr'><strong><em>δὲ</em></strong></span> 
     </span>
     <span class='ocr_line' id='line_1_6' title="bbox 517 937 2964 1030; baseline -0.001 -21"><span class='ocrx_word' id='word_1_45' title='bbox 517 948 678 1021; x_wconf 88' lang='grc' dir='ltr'><strong><em>τοὺς</em></strong></span> <span class='ocrx_word' id='word_1_46' title='bbox 733 947 1008 1020; x_wconf 83' lang='grc' dir='ltr'><strong><em>κοινοὺς</em></strong></span> <span class='ocrx_word' id='word_1_47' title='bbox 1061 943 1306 1028; x_wconf 82' lang='grc' dir='ltr'><strong><em>ὁμοίως</em></strong></span> <span class='ocrx_word' id='word_1_48' title='bbox 1359 944 1645 1009; x_wconf 90' lang='grc' dir='ltr'><strong><em>πάντων.</em></strong></span> <span class='ocrx_word' id='word_1_49' title='bbox 1735 946 2067 1030; x_wconf 85' lang='grc' dir='ltr'><strong><em>πρότερον</em></strong></span> <span class='ocrx_word' id='word_1_50' title='bbox 2120 937 2249 1008; x_wconf 83' lang='grc' dir='ltr'><strong><em>οὖν</em></strong></span> <span class='ocrx_word' id='word_1_51' title='bbox 2301 949 2588 1026; x_wconf 77' lang='grc' dir='ltr'><strong><em>εἴπωμεν</em></strong></span> <span class='ocrx_word' id='word_1_52' title='bbox 2636 940 2787 1028; x_wconf 88' lang='grc' dir='ltr'><strong><em>περὶ</em></strong></span> <span class='ocrx_word' id='word_1_53' title='bbox 2823 952 2964 1006; x_wconf 83' lang='grc' dir='ltr'><strong><em>τῶν</em></strong></span> 
     </span>
     <span class='ocr_line' id='line_1_7' title="bbox 520 1046 2964 1136; baseline -0.002 -20"><span class='ocrx_word' id='word_1_54' title='bbox 520 1052 746 1116; x_wconf 79' lang='grc' dir='ltr'><strong><em>εἰδῶν·</em></strong></span> <span class='ocrx_word' id='word_1_55' title='bbox 804 1060 1074 1136; x_wconf 82' lang='grc' dir='ltr'><strong><em>πρῶτον</em></strong></span> <span class='ocrx_word' id='word_1_56' title='bbox 1121 1046 1197 1115; x_wconf 71' lang='grc' dir='ltr'><strong><em>δὲ</em></strong></span> <span class='ocrx_word' id='word_1_57' title='bbox 1240 1051 1548 1134; x_wconf 87' lang='grc' dir='ltr'><strong><em>λάβωμεν</em></strong></span> <span class='ocrx_word' id='word_1_58' title='bbox 1591 1051 1673 1115; x_wconf 79' lang='grc' dir='ltr'><strong><em>τὰ</em></strong></span> <span class='ocrx_word' id='word_1_59' title='bbox 1716 1049 1877 1133; x_wconf 81' lang='grc' dir='ltr'><strong><em>γένη</em></strong></span> <span class='ocrx_word' id='word_1_60' title='bbox 1923 1059 2041 1134; x_wconf 84' lang='grc' dir='ltr'><strong><em>τῆς</em></strong></span> <span class='ocrx_word' id='word_1_61' title='bbox 2085 1050 2466 1135; x_wconf 77' lang='grc' dir='ltr'><strong><em>ῥητορικῆς,</em></strong></span> <span class='ocrx_word' id='word_1_62' title='bbox 2521 1048 2698 1125; x_wconf 83' lang='grc' dir='ltr'><strong><em>ὅπως</em></strong></span> <span class='ocrx_word' id='word_1_63' title='bbox 2752 1049 2964 1113; x_wconf 78' lang='grc' dir='ltr'><strong><em>διελό-</em></strong></span> 
     </span>
     <span class='ocr_line' id='line_1_8' title="bbox 518 1153 2964 1242; baseline -0.002 -20"><span class='ocrx_word' id='word_1_64' title='bbox 518 1180 711 1242; x_wconf 82' lang='grc' dir='ltr'><strong><em>μενοι</em></strong></span> <span class='ocrx_word' id='word_1_65' title='bbox 765 1159 942 1222; x_wconf 83' lang='grc' dir='ltr'><strong><em>πόσα</em></strong></span> <span class='ocrx_word' id='word_1_66' title='bbox 997 1155 1209 1241; x_wconf 77' lang='grc' dir='ltr'><strong><em>ἐστίν,</em></strong></span> <span class='ocrx_word' id='word_1_67' title='bbox 1263 1155 1417 1241; x_wconf 84' lang='grc' dir='ltr'><strong><em>περὶ</em></strong></span> <span class='ocrx_word' id='word_1_68' title='bbox 1471 1158 1732 1221; x_wconf 87' lang='grc' dir='ltr'><strong><em>τούτων</em></strong></span> <span class='ocrx_word' id='word_1_69' title='bbox 1785 1153 1986 1241; x_wconf 77' lang='grc' dir='ltr'><strong><em>χωρὶς</em></strong></span> <span class='ocrx_word' id='word_1_70' title='bbox 2042 1155 2484 1240; x_wconf 75' lang='grc' dir='ltr'><em>λαμβάνωμεν</em></span> <span class='ocrx_word' id='word_1_71' title='bbox 2541 1156 2622 1219; x_wconf 81' lang='grc' dir='ltr'><strong><em>τὰ</em></strong></span> <span class='ocrx_word' id='word_1_72' title='bbox 2675 1164 2964 1238; x_wconf 82' lang='grc' dir='ltr'><strong><em>στοιχεῖα</em></strong></span> 
     </span>
     <span class='ocr_line' id='line_1_9' title="bbox 518 1259 2965 1349; baseline -0.002 -20"><span class='ocrx_word' id='word_1_73' title='bbox 518 1262 630 1329; x_wconf 81' lang='grc' dir='ltr'><strong><em>καὶ</em></strong></span> <span class='ocrx_word' id='word_1_74' title='bbox 673 1265 791 1340; x_wconf 77' lang='grc' dir='ltr'><strong><em>τὰς</em></strong></span> <span class='ocrx_word' id='word_1_75' title='bbox 833 1263 1199 1349; x_wconf 79' lang='grc' dir='ltr'><strong><em>προτάσεις.</em></strong></span> <span class='ocrx_word' id='word_1_76' title='bbox 1291 1262 1530 1327; x_wconf 88' lang='lat' dir='ltr'>Ferner</span> <span class='ocrx_word' id='word_1_77' title='bbox 1566 1267 1624 1327; x_wconf 90' lang='lat' dir='ltr'><em>B</em></span> <span class='ocrx_word' id='word_1_78' title='bbox 1670 1264 1776 1346; x_wconf 83' lang='lat'><strong><em>22,</em></strong></span> <span class='ocrx_word' id='word_1_79' title='bbox 1817 1259 2021 1329; x_wconf 76' lang='lat'><strong>1396¹&gt;</strong></span> <span class='ocrx_word' id='word_1_80' title='bbox 2058 1263 2147 1327; x_wconf 81' lang='lat'><strong><em>20</em></strong></span> <span class='ocrx_word' id='word_1_81' title='bbox 2188 1263 2357 1326; x_wconf 82' lang='grc'><strong>116611</strong></span> <span class='ocrx_word' id='word_1_82' title='bbox 2391 1261 2809 1347; x_wconf 64' lang='lat' dir='ltr'>Erwfihnung</span> <span class='ocrx_word' id='word_1_83' title='bbox 2852 1261 2965 1324; x_wconf 86' lang='lat' dir='ltr'><strong><em>der</em></strong></span> 
     </span>
     <span class='ocr_line' id='line_1_10' title="bbox 519 1361 2964 1455; baseline -0.001 -21"><span class='ocrx_word' id='word_1_84' title='bbox 519 1373 710 1436; x_wconf 85' lang='grc' dir='ltr'><strong><em>τόποι</em></strong></span> <span class='ocrx_word' id='word_1_85' title='bbox 771 1370 881 1434; x_wconf 87' lang='lat' dir='ltr'><strong><em>des</em></strong></span> <span class='ocrx_word' id='word_1_86' title='bbox 933 1372 1171 1435; x_wconf 84' lang='grc' dir='ltr'><strong><em>κοινόν</em></strong></span> <span class='ocrx_word' id='word_1_87' title='bbox 1222 1368 1355 1433; x_wconf 83' lang='grc'><strong>1111(1</strong></span> <span class='ocrx_word' id='word_1_88' title='bbox 1412 1370 1617 1434; x_wconf 71' lang='grc' dir='ltr'><strong><em>ἴδιονε</em></strong></span> <span class='ocrx_word' id='word_1_89' title='bbox 1704 1361 1801 1446; x_wconf 82' lang='grc' dir='ltr'><strong><em>εἷς</em></strong></span> <span class='ocrx_word' id='word_1_90' title='bbox 1853 1365 1978 1453; x_wconf 75' lang='grc' dir='ltr'><strong><em>μὲν</em></strong></span> <span class='ocrx_word' id='word_1_91' title='bbox 2032 1363 2161 1433; x_wconf 81' lang='grc' dir='ltr'><strong><em>οὖν</em></strong></span> <span class='ocrx_word' id='word_1_92' title='bbox 2212 1371 2459 1455; x_wconf 83' lang='grc' dir='ltr'><strong><em>τρόπος</em></strong></span> <span class='ocrx_word' id='word_1_93' title='bbox 2511 1378 2628 1452; x_wconf 83' lang='grc' dir='ltr'><strong><em>τῆς</em></strong></span> <span class='ocrx_word' id='word_1_94' title='bbox 2693 1366 2964 1450; x_wconf 75' lang='grc' dir='ltr'><strong><em>ἐκλογῆς</em></strong></span> 
     </span>
     <span class='ocr_line' id='line_1_11' title="bbox 517 1471 2963 1564; baseline -0.001 -23"><span class='ocrx_word' id='word_1_95' title='bbox 517 1476 629 1542; x_wconf 83' lang='grc' dir='ltr'><strong><em>καὶ</em></strong></span> <span class='ocrx_word' id='word_1_96' title='bbox 683 1487 945 1564; x_wconf 79' lang='grc' dir='ltr'><strong><em>πρῶτος</em></strong></span> <span class='ocrx_word' id='word_1_97' title='bbox 998 1471 1197 1552; x_wconf 87' lang='grc' dir='ltr'><strong><em>οὗτος</em></strong></span> <span class='ocrx_word' id='word_1_98' title='bbox 1252 1475 1290 1541; x_wconf 83' lang='grc' dir='ltr'>ὁ</span> <span class='ocrx_word' id='word_1_99' title='bbox 1343 1478 1646 1560; x_wconf 82' lang='grc' dir='ltr'><strong><em>τοπικός,</em></strong></span> <span class='ocrx_word' id='word_1_100' title='bbox 1698 1476 1781 1541; x_wconf 81' lang='grc' dir='ltr'><strong><em>τὰ</em></strong></span> <span class='ocrx_word' id='word_1_101' title='bbox 1835 1472 1910 1540; x_wconf 75' lang='grc' dir='ltr'><strong><em>δὲ</em></strong></span> <span class='ocrx_word' id='word_1_102' title='bbox 1965 1485 2258 1561; x_wconf 77' lang='grc' dir='ltr'><strong><em>στοιχεῖα</em></strong></span> <span class='ocrx_word' id='word_1_103' title='bbox 2299 1485 2437 1539; x_wconf 79' lang='grc' dir='ltr'><strong><em>τῶν</em></strong></span> <span class='ocrx_word' id='word_1_104' title='bbox 2481 1474 2963 1559; x_wconf 80' lang='grc' dir='ltr'><strong><em>ἐνθυμημάτων</em></strong></span> 
     </span>
     <span class='ocr_line' id='line_1_12' title="bbox 518 1578 2963 1668; baseline -0.002 -20"><span class='ocrx_word' id='word_1_105' title='bbox 518 1583 833 1668; x_wconf 81' lang='grc' dir='ltr'><strong><em>λέγωμεν.</em></strong></span> <span class='ocrx_word' id='word_1_106' title='bbox 924 1592 1257 1667; x_wconf 80' lang='grc' dir='ltr'><strong><em>στοιχεῖον</em></strong></span> <span class='ocrx_word' id='word_1_107' title='bbox 1314 1578 1391 1647; x_wconf 70' lang='grc' dir='ltr'><strong><em>δὲ</em></strong></span> <span class='ocrx_word' id='word_1_108' title='bbox 1447 1581 1620 1666; x_wconf 79' lang='grc' dir='ltr'><strong><em>λέγω</em></strong></span> <span class='ocrx_word' id='word_1_109' title='bbox 1678 1581 1790 1646; x_wconf 83' lang='grc' dir='ltr'><strong><em>καὶ</em></strong></span> <span class='ocrx_word' id='word_1_110' title='bbox 1850 1584 2061 1647; x_wconf 91' lang='grc' dir='ltr'><strong><em>τόπον</em></strong></span> <span class='ocrx_word' id='word_1_111' title='bbox 2119 1580 2587 1667; x_wconf 76' lang='grc' dir='ltr'><strong><em>ἐνθυμήματος</em></strong></span> <span class='ocrx_word' id='word_1_112' title='bbox 2642 1583 2720 1646; x_wconf 91' lang='grc' dir='ltr'><strong><em>τὸ</em></strong></span> <span class='ocrx_word' id='word_1_113' title='bbox 2786 1580 2963 1646; x_wconf 86' lang='grc' dir='ltr'><strong><em>αὐτό.</em></strong></span> 
     </span>
     <span class='ocr_line' id='line_1_13' title="bbox 517 1686 2964 1775; baseline -0.001 -21"><span class='ocrx_word' id='word_1_114' title='bbox 517 1690 776 1755; x_wconf 86' lang='lat' dir='ltr'>Ebenso</span> <span class='ocrx_word' id='word_1_115' title='bbox 831 1689 938 1774; x_wconf 84' lang='lat'><strong><em>26,</em></strong></span> <span class='ocrx_word' id='word_1_116' title='bbox 1000 1689 1202 1754; x_wconf 70' lang='lat'>1403*</span> <span class='ocrx_word' id='word_1_117' title='bbox 1259 1689 1339 1753; x_wconf 83' lang='lat'><strong><em>17</em></strong></span> <span class='ocrx_word' id='word_1_118' title='bbox 1404 1690 1482 1754; x_wconf 89' lang='grc' dir='ltr'><strong><em>τὸ</em></strong></span> <span class='ocrx_word' id='word_1_119' title='bbox 1543 1691 1670 1775; x_wconf 79' lang='grc' dir='ltr'><strong><em>γὰρ</em></strong></span> <span class='ocrx_word' id='word_1_120' title='bbox 1731 1688 1893 1755; x_wconf 85' lang='grc' dir='ltr'><strong><em>αὐτὸ</em></strong></span> <span class='ocrx_word' id='word_1_121' title='bbox 1952 1688 2121 1772; x_wconf 80' lang='grc' dir='ltr'><strong><em>λέγω</em></strong></span> <span class='ocrx_word' id='word_1_122' title='bbox 2182 1700 2514 1774; x_wconf 78' lang='grc' dir='ltr'><strong><em>στοιχεῖον</em></strong></span> <span class='ocrx_word' id='word_1_123' title='bbox 2569 1686 2682 1754; x_wconf 82' lang='grc' dir='ltr'><strong><em>καὶ</em></strong></span> <span class='ocrx_word' id='word_1_124' title='bbox 2742 1691 2964 1753; x_wconf 89' lang='grc' dir='ltr'><strong><em>τόπον.</em></strong></span> 
     </span>
     <span class='ocr_line' id='line_1_14' title="bbox 518 1793 2963 1884; baseline -0.001 -22"><span class='ocrx_word' id='word_1_125' title='bbox 518 1801 703 1862; x_wconf 78' lang='grc' dir='ltr'><strong><em>ἔστιν</em></strong></span> <span class='ocrx_word' id='word_1_126' title='bbox 738 1798 864 1884; x_wconf 75' lang='grc' dir='ltr'><strong><em>γὰρ</em></strong></span> <span class='ocrx_word' id='word_1_127' title='bbox 903 1806 1236 1881; x_wconf 77' lang='grc' dir='ltr'><strong><em>στοιχεῖον</em></strong></span> <span class='ocrx_word' id='word_1_128' title='bbox 1279 1794 1391 1861; x_wconf 80' lang='grc' dir='ltr'><strong><em>καὶ</em></strong></span> <span class='ocrx_word' id='word_1_129' title='bbox 1435 1799 1640 1873; x_wconf 85' lang='grc' dir='ltr'><strong><em>τόπος</em></strong></span> <span class='ocrx_word' id='word_1_130' title='bbox 1685 1801 1781 1872; x_wconf 77' lang='grc' dir='ltr'><strong><em>εἰς</em></strong></span> <span class='ocrx_word' id='word_1_131' title='bbox 1827 1795 1863 1860; x_wconf 90' lang='grc' dir='ltr'><strong><em>ὃ</em></strong></span> <span class='ocrx_word' id='word_1_132' title='bbox 1908 1797 2124 1861; x_wconf 77' lang='grc' dir='ltr'><strong><em>πολλὰ</em></strong></span> <span class='ocrx_word' id='word_1_133' title='bbox 2169 1793 2602 1880; x_wconf 78' lang='grc' dir='ltr'><strong><em>ἐνθυμήματα</em></strong></span> <span class='ocrx_word' id='word_1_134' title='bbox 2647 1795 2963 1879; x_wconf 80' lang='grc' dir='ltr'><strong><em>ἐμπίπτει.</em></strong></span> 
     </span>
     <span class='ocr_line' id='line_1_15' title="bbox 516 1901 2962 1988; baseline -0.001 -20"><span class='ocrx_word' id='word_1_135' title='bbox 516 1903 631 1969; x_wconf 81' lang='lat' dir='ltr'><strong><em>Ich</em></strong></span> <span class='ocrx_word' id='word_1_136' title='bbox 677 1903 932 1968; x_wconf 68' lang='grc'><strong>1116611116</strong></span> <span class='ocrx_word' id='word_1_137' title='bbox 979 1902 1165 1967; x_wconf 86' lang='grc'><strong>(161161</strong></span> <span class='ocrx_word' id='word_1_138' title='bbox 1210 1902 1323 1967; x_wconf 75' lang='lat' dir='ltr'><strong><em>das</em></strong></span> <span class='ocrx_word' id='word_1_139' title='bbox 1368 1901 1538 1986; x_wconf 80' lang='grc' dir='ltr'><strong><em>λέγω</em></strong></span> <span class='ocrx_word' id='word_1_140' title='bbox 1595 1902 2107 1967; x_wconf 70' lang='lat' dir='ltr'>unterstmiehen</span> <span class='ocrx_word' id='word_1_141' title='bbox 2160 1902 2529 1988; x_wconf 75' lang='lat' dir='ltr'>gegeniiber</span> <span class='ocrx_word' id='word_1_142' title='bbox 2582 1902 2728 1966; x_wconf 86' lang='lat' dir='ltr'><strong><em>dem</em></strong></span> <span class='ocrx_word' id='word_1_143' title='bbox 2782 1902 2962 1985; x_wconf 83' lang='grc' dir='ltr'><strong><em>λεγό-</em></strong></span> 
     </span>
     <span class='ocr_line' id='line_1_16' title="bbox 515 2006 2964 2094; baseline -0.002 -20"><span class='ocrx_word' id='word_1_144' title='bbox 515 2034 685 2094; x_wconf 88' lang='grc' dir='ltr'><strong><em>μενα</em></strong></span> <span class='ocrx_word' id='word_1_145' title='bbox 739 2019 1032 2094; x_wconf 78' lang='grc' dir='ltr'><strong><em>στοιχεῖα</em></strong></span> <span class='ocrx_word' id='word_1_146' title='bbox 1085 2009 1198 2073; x_wconf 97' lang='grc'><strong>(161·</strong></span> <span class='ocrx_word' id='word_1_147' title='bbox 1250 2007 1515 2093; x_wconf 87' lang='lat' dir='ltr'>Physik.</span> <span class='ocrx_word' id='word_1_148' title='bbox 1607 2008 1698 2072; x_wconf 87' lang='lat' dir='ltr'><strong><em>Es</em></strong></span> <span class='ocrx_word' id='word_1_149' title='bbox 1758 2009 2009 2094; x_wconf 77' lang='lat' dir='ltr'>ergiebt</span> <span class='ocrx_word' id='word_1_150' title='bbox 2065 2007 2205 2073; x_wconf 79' lang='lat' dir='ltr'>sich</span> <span class='ocrx_word' id='word_1_151' title='bbox 2262 2030 2377 2072; x_wconf 84' lang='lat' dir='ltr'><strong><em>aus</em></strong></span> <span class='ocrx_word' id='word_1_152' title='bbox 2435 2007 2656 2073; x_wconf 89' lang='lat' dir='ltr'>diesen</span> <span class='ocrx_word' id='word_1_153' title='bbox 2672 2014 2696 2039; x_wconf 82' lang='lat'><strong>‘</strong></span> <span class='ocrx_word' id='word_1_154' title='bbox 2710 2006 2964 2091; x_wconf 69' lang='lat' dir='ltr'>Stellen‚</span> 
     </span>
     <span class='ocr_line' id='line_1_17' title="bbox 517 2113 2961 2200; baseline -0.002 -19"><span class='ocrx_word' id='word_1_155' title='bbox 517 2117 657 2181; x_wconf 77' lang='lat' dir='ltr'>dass</span> <span class='ocrx_word' id='word_1_156' title='bbox 709 2114 1092 2180; x_wconf 72' lang='lat' dir='ltr'>Aristoteles</span> <span class='ocrx_word' id='word_1_157' title='bbox 1155 2116 1281 2180; x_wconf 86' lang='lat' dir='ltr'><strong><em>den</em></strong></span> <span class='ocrx_word' id='word_1_158' title='bbox 1343 2114 1683 2180; x_wconf 77' lang='lat' dir='ltr'><strong>Terminus</strong></span> <span class='ocrx_word' id='word_1_159' title='bbox 1746 2125 2083 2200; x_wconf 85' lang='grc' dir='ltr'><strong><em>στοιχεῖον</em></strong></span> <span class='ocrx_word' id='word_1_160' title='bbox 2143 2116 2215 2179; x_wconf 88' lang='grc'><strong><em>111</em></strong></span> <span class='ocrx_word' id='word_1_161' title='bbox 2276 2115 2390 2179; x_wconf 90' lang='grc'><strong>(161·</strong></span> <span class='ocrx_word' id='word_1_162' title='bbox 2449 2115 2772 2181; x_wconf 78' lang='lat' dir='ltr'>Rhetorik</span> <span class='ocrx_word' id='word_1_163' title='bbox 2831 2113 2961 2178; x_wconf 83' lang='lat' dir='ltr'><strong>auf-</strong></span> 
     </span>
     <span class='ocr_line' id='line_1_18' title="bbox 517 2219 2963 2310; baseline -0.001 -22"><span class='ocrx_word' id='word_1_164' title='bbox 517 2223 829 2310; x_wconf 76' lang='lat' dir='ltr'>gebraeht</span> <span class='ocrx_word' id='word_1_165' title='bbox 881 2223 1038 2287; x_wconf 86' lang='lat' dir='ltr'>oder</span> <span class='ocrx_word' id='word_1_166' title='bbox 1089 2222 1402 2287; x_wconf 85' lang='lat' dir='ltr'>vielmehr</span> <span class='ocrx_word' id='word_1_167' title='bbox 1456 2244 1570 2286; x_wconf 83' lang='lat' dir='ltr'><strong><em>aus</em></strong></span> <span class='ocrx_word' id='word_1_168' title='bbox 1629 2221 1741 2287; x_wconf 89' lang='lat' dir='ltr'><strong><em>der</em></strong></span> <span class='ocrx_word' id='word_1_169' title='bbox 1786 2220 1998 2305; x_wconf 85' lang='lat' dir='ltr'>Topik</span> <span class='ocrx_word' id='word_1_170' title='bbox 2041 2222 2627 2307; x_wconf 77' lang='lat' dir='ltr'>hert’ibergebraoht</span> <span class='ocrx_word' id='word_1_171' title='bbox 2670 2222 2800 2286; x_wconf 76' lang='lat' dir='ltr'><strong>hat.</strong></span> <span class='ocrx_word' id='word_1_172' title='bbox 2886 2219 2963 2284; x_wconf 90' lang='lat' dir='ltr'><strong><em>In</em></strong></span> 
     </span>
     <span class='ocr_line' id='line_1_19' title="bbox 517 2328 2961 2414; baseline -0.001 -21"><span class='ocrx_word' id='word_1_173' title='bbox 517 2329 630 2395; x_wconf 88' lang='lat' dir='ltr'><strong><em>der</em></strong></span> <span class='ocrx_word' id='word_1_174' title='bbox 674 2329 844 2394; x_wconf 78' lang='lat' dir='ltr'>That</span> <span class='ocrx_word' id='word_1_175' title='bbox 888 2330 1032 2394; x_wconf 86' lang='lat' dir='ltr'>sind</span> <span class='ocrx_word' id='word_1_176' title='bbox 1079 2330 1181 2394; x_wconf 84' lang='lat' dir='ltr'><strong><em>die</em></strong></span> <span class='ocrx_word' id='word_1_177' title='bbox 1225 2328 1573 2413; x_wconf 85' lang='lat' dir='ltr'>Versuehe‚</span> <span class='ocrx_word' id='word_1_178' title='bbox 1610 2329 1783 2393; x_wconf 89' lang='lat' dir='ltr'>diese</span> <span class='ocrx_word' id='word_1_179' title='bbox 1826 2328 2197 2394; x_wconf 75' lang='lat' dir='ltr'>technisehe</span> <span class='ocrx_word' id='word_1_180' title='bbox 2232 2328 2690 2414; x_wconf 85' lang='lat' dir='ltr'>Verwendung</span> <span class='ocrx_word' id='word_1_181' title='bbox 2731 2328 2961 2392; x_wconf 74' lang='lat' dir='ltr'>bereits</span> 
     </span>
     <span class='ocr_line' id='line_1_20' title="bbox 516 2433 2964 2522; baseline -0.001 -22"><span class='ocrx_word' id='word_1_182' title='bbox 516 2438 588 2500; x_wconf 92' lang='lat' dir='ltr'><strong><em>in</em></strong></span> <span class='ocrx_word' id='word_1_183' title='bbox 645 2436 760 2501; x_wconf 90' lang='grc'><strong>(161·</strong></span> <span class='ocrx_word' id='word_1_184' title='bbox 816 2435 1308 2522; x_wconf 76' lang='lat' dir='ltr'>gleichzeitigen</span> <span class='ocrx_word' id='word_1_185' title='bbox 1359 2435 1681 2502; x_wconf 79' lang='lat' dir='ltr'>Rhetorik</span> <span class='ocrx_word' id='word_1_186' title='bbox 1737 2435 2248 2519; x_wconf 82' lang='lat' dir='ltr'>naehzuweisen‚</span> <span class='ocrx_word' id='word_1_187' title='bbox 2304 2435 2489 2500; x_wconf 76' lang='lat' dir='ltr'>nieht</span> <span class='ocrx_word' id='word_1_188' title='bbox 2549 2458 2680 2501; x_wconf 86' lang='lat' dir='ltr'><strong><em>von</em></strong></span> <span class='ocrx_word' id='word_1_189' title='bbox 2735 2433 2964 2518; x_wconf 84' lang='lat' dir='ltr'>Erfolg</span> 
     </span>
     <span class='ocr_line' id='line_1_21' title="bbox 516 2539 2962 2631; baseline -0.002 -23"><span class='ocrx_word' id='word_1_190' title='bbox 516 2565 826 2630; x_wconf 85' lang='lat' dir='ltr'>gewesen.</span> <span class='ocrx_word' id='word_1_191' title='bbox 840 2540 892 2631; x_wconf 90' lang='lat' dir='ltr'><strong><em>l)</em></strong></span> <span class='ocrx_word' id='word_1_192' title='bbox 982 2542 1173 2609; x_wconf 90' lang='lat' dir='ltr'>Denn</span> <span class='ocrx_word' id='word_1_193' title='bbox 1237 2541 1560 2608; x_wconf 76' lang='lat' dir='ltr'>Isokrates</span> <span class='ocrx_word' id='word_1_194' title='bbox 1630 2542 1984 2629; x_wconf 77' lang='lat' dir='ltr'>gebraueht</span> <span class='ocrx_word' id='word_1_195' title='bbox 2050 2542 2163 2608; x_wconf 76' lang='lat' dir='ltr'><strong><em>das</em></strong></span> <span class='ocrx_word' id='word_1_196' title='bbox 2226 2540 2421 2606; x_wconf 72' lang='lat' dir='ltr'>Worb</span> <span class='ocrx_word' id='word_1_197' title='bbox 2490 2541 2764 2627; x_wconf 74' lang='lat' dir='ltr'>populiir</span> <span class='ocrx_word' id='word_1_198' title='bbox 2834 2539 2962 2604; x_wconf 87' lang='lat' dir='ltr'><strong><em>und</em></strong></span> 
     </span>
     <span class='ocr_line' id='line_1_22' title="bbox 517 2647 2961 2738; baseline -0.002 -23"><span class='ocrx_word' id='word_1_199' title='bbox 517 2651 701 2715; x_wconf 77' lang='lat' dir='ltr'>nieht</span> <span class='ocrx_word' id='word_1_200' title='bbox 743 2650 1273 2737; x_wconf 76' lang='lat' dir='ltr'>terminologisoh</span> <span class='ocrx_word' id='word_1_201' title='bbox 1317 2672 1447 2715; x_wconf 83' lang='lat' dir='ltr'><strong><em>von</em></strong></span> <span class='ocrx_word' id='word_1_202' title='bbox 1492 2650 1618 2715; x_wconf 86' lang='lat' dir='ltr'><strong><em>den</em></strong></span> <span class='ocrx_word' id='word_1_203' title='bbox 1655 2648 2094 2715; x_wconf 64' lang='lat' dir='ltr'>Grundsfitzen</span> <span class='ocrx_word' id='word_1_204' title='bbox 2129 2650 2244 2715; x_wconf 86' lang='lat' dir='ltr'><strong><em>der</em></strong></span> <span class='ocrx_word' id='word_1_205' title='bbox 2277 2649 2524 2715; x_wconf 77' lang='lat' dir='ltr'>Politik</span> <span class='ocrx_word' id='word_1_206' title='bbox 2535 2648 2588 2738; x_wconf 77' lang='grc'><strong><em>2)</em></strong></span> <span class='ocrx_word' id='word_1_207' title='bbox 2634 2651 2766 2714; x_wconf 85' lang='grc'><strong>1111(1</strong></span> <span class='ocrx_word' id='word_1_208' title='bbox 2802 2647 2961 2714; x_wconf 85' lang='grc'><strong>611611</strong></span> 
     </span>
    </p>
   </div>
   <div class='ocr_carea' id='block_1_3' title="bbox 516 2805 943 2813">
    <p class='ocr_par' dir='ltr' id='par_1_3' title="bbox 516 2805 943 2813">
     <span class='ocr_line' id='line_1_23' title="bbox 516 2805 943 2813; baseline 0 2400"><span class='ocrx_word' id='word_1_209' title='bbox 516 2805 943 2813; x_wconf 95' lang='lat' dir='ltr'><strong><em> </em></strong></span> 
     </span>
    </p>
   </div>
   <div class='ocr_carea' id='block_1_4' title="bbox 514 2892 3002 4664">
    <p class='ocr_par' dir='ltr' id='par_1_4' title="bbox 514 2892 2962 3323">
     <span class='ocr_line' id='line_1_24' title="bbox 514 2892 2962 2969; baseline -0 -18"><span class='ocrx_word' id='word_1_210' title='bbox 514 2906 691 2953; x_wconf 82' lang='grc' dir='ltr'><strong><em>ταῦτα</em></strong></span> <span class='ocrx_word' id='word_1_211' title='bbox 729 2906 972 2969; x_wconf 80' lang='grc' dir='ltr'><strong><em>στοιχεῖα</em></strong></span> <span class='ocrx_word' id='word_1_212' title='bbox 1006 2904 1120 2951; x_wconf 83' lang='grc' dir='ltr'><strong><em>τῶν</em></strong></span> <span class='ocrx_word' id='word_1_213' title='bbox 1154 2896 1295 2965; x_wconf 83' lang='grc' dir='ltr'><strong><em>πρὸς</em></strong></span> <span class='ocrx_word' id='word_1_214' title='bbox 1329 2897 1460 2960; x_wconf 76' lang='grc' dir='ltr'><strong><em>τοὺς</em></strong></span> <span class='ocrx_word' id='word_1_215' title='bbox 1497 2894 1678 2966; x_wconf 77' lang='grc' dir='ltr'><strong><em>ὅρους.</em></strong></span> <span class='ocrx_word' id='word_1_216' title='bbox 1758 2901 1801 2951; x_wconf 97' lang='grc' dir='ltr'>Ζ</span> <span class='ocrx_word' id='word_1_217' title='bbox 1840 2902 1925 2967; x_wconf 97' lang='grc'><strong><em>14,</em></strong></span> <span class='ocrx_word' id='word_1_218' title='bbox 1965 2894 2097 2950; x_wconf 78' lang='lat'><strong>151¹&gt;</strong></span> <span class='ocrx_word' id='word_1_219' title='bbox 2138 2902 2204 2951; x_wconf 90' lang='lat'><strong><em>18</em></strong></span> <span class='ocrx_word' id='word_1_220' title='bbox 2241 2896 2383 2965; x_wconf 86' lang='grc' dir='ltr'><strong><em>πρὸς</em></strong></span> <span class='ocrx_word' id='word_1_221' title='bbox 2419 2895 2677 2959; x_wconf 76' lang='grc' dir='ltr'><strong><em>ἅπαντας</em></strong></span> <span class='ocrx_word' id='word_1_222' title='bbox 2724 2892 2786 2950; x_wconf 69' lang='grc' dir='ltr'><strong><em>δὲ</em></strong></span> <span class='ocrx_word' id='word_1_223' title='bbox 2836 2894 2962 2955; x_wconf 74' lang='grc' dir='ltr'><strong><em>τοὺς</em></strong></span> 
     </span>
     <span class='ocr_line' id='line_1_25' title="bbox 515 2982 2959 3057; baseline -0.002 -17"><span class='ocrx_word' id='word_1_224' title='bbox 515 2986 775 3056; x_wconf 75' lang='grc' dir='ltr'><strong><em>ὁρισμοὺς</em></strong></span> <span class='ocrx_word' id='word_1_225' title='bbox 826 2988 929 3041; x_wconf 70' lang='grc' dir='ltr'><strong><em>οὐκ</em></strong></span> <span class='ocrx_word' id='word_1_226' title='bbox 982 2984 1269 3057; x_wconf 77' lang='grc' dir='ltr'><strong><em>ἐλάχιστον</em></strong></span> <span class='ocrx_word' id='word_1_227' title='bbox 1319 2995 1595 3057; x_wconf 78' lang='grc' dir='ltr'><strong><em>στοιχεῖον</em></strong></span> <span class='ocrx_word' id='word_1_228' title='bbox 1646 2987 1709 3041; x_wconf 87' lang='grc' dir='ltr'><strong><em>τὸ</em></strong></span> <span class='ocrx_word' id='word_1_229' title='bbox 1764 2986 1906 3055; x_wconf 85' lang='grc' dir='ltr'><strong><em>πρὸς</em></strong></span> <span class='ocrx_word' id='word_1_230' title='bbox 1960 2984 2163 3041; x_wconf 79' lang='grc' dir='ltr'><strong><em>ἑαυτὸν</em></strong></span> <span class='ocrx_word' id='word_1_231' title='bbox 2218 2984 2489 3056; x_wconf 75' lang='grc' dir='ltr'><strong><em>εὐστόχως</em></strong></span> <span class='ocrx_word' id='word_1_232' title='bbox 2545 2983 2849 3053; x_wconf 77' lang='grc' dir='ltr'><strong><em>ὁρίσασθαι</em></strong></span> <span class='ocrx_word' id='word_1_233' title='bbox 2900 2982 2959 3036; x_wconf 83' lang='grc' dir='ltr'><strong><em>τὸ</em></strong></span> 
     </span>
     <span class='ocr_line' id='line_1_26' title="bbox 515 3071 2959 3146; baseline -0.002 -16"><span class='ocrx_word' id='word_1_234' title='bbox 515 3074 889 3144; x_wconf 72' lang='grc' dir='ltr'><strong><em>προκείμενον</em></strong></span> <span class='ocrx_word' id='word_1_235' title='bbox 943 3071 979 3144; x_wconf 82' lang='grc' dir='ltr'>ἢ</span> <span class='ocrx_word' id='word_1_236' title='bbox 1035 3077 1215 3136; x_wconf 79' lang='grc' dir='ltr'><strong><em>καλῶς</em></strong></span> <span class='ocrx_word' id='word_1_237' title='bbox 1269 3072 1566 3143; x_wconf 79' lang='grc' dir='ltr'><strong><em>εἰρημένον</em></strong></span> <span class='ocrx_word' id='word_1_238' title='bbox 1623 3072 1759 3143; x_wconf 78' lang='grc' dir='ltr'><strong><em>ὅρον</em></strong></span> <span class='ocrx_word' id='word_1_239' title='bbox 1816 3074 2141 3146; x_wconf 77' lang='grc' dir='ltr'><strong><em>ἀναλαβεῖν.</em></strong></span> <span class='ocrx_word' id='word_1_240' title='bbox 2214 3074 2320 3130; x_wconf 80' lang='lat' dir='ltr'><strong><em>Die</em></strong></span> <span class='ocrx_word' id='word_1_241' title='bbox 2369 3073 2794 3145; x_wconf 78' lang='lat' dir='ltr'>urspriingliohe</span> <span class='ocrx_word' id='word_1_242' title='bbox 2829 3073 2959 3128; x_wconf 86' lang='lat' dir='ltr'>Ver-</span> 
     </span>
     <span class='ocr_line' id='line_1_27' title="bbox 516 3159 2958 3235; baseline -0.001 -18"><span class='ocrx_word' id='word_1_243' title='bbox 516 3163 820 3235; x_wconf 84' lang='lat' dir='ltr'>gleichung</span> <span class='ocrx_word' id='word_1_244' title='bbox 856 3164 991 3232; x_wconf 87' lang='lat' dir='ltr'>Top.</span> <span class='ocrx_word' id='word_1_245' title='bbox 1036 3167 1079 3217; x_wconf 97' lang='lat' dir='ltr'><strong>Z</strong></span> <span class='ocrx_word' id='word_1_246' title='bbox 1116 3168 1166 3232; x_wconf 87' lang='lat'><strong><em>4,</em></strong></span> <span class='ocrx_word' id='word_1_247' title='bbox 1207 3160 1340 3216; x_wconf 78' lang='lat' dir='ltr'><strong><em>141b</em></strong></span> <span class='ocrx_word' id='word_1_248' title='bbox 1378 3169 1411 3216; x_wconf 86' lang='lat'><strong>3</strong></span> <span class='ocrx_word' id='word_1_249' title='bbox 1458 3162 1648 3227; x_wconf 70' lang='grc' dir='ltr'><strong><em>ἁπλῶς</em></strong></span> <span class='ocrx_word' id='word_1_250' title='bbox 1690 3160 1794 3232; x_wconf 67' lang='grc' dir='ltr'><strong><em>μὲν</em></strong></span> <span class='ocrx_word' id='word_1_251' title='bbox 1840 3159 1945 3219; x_wconf 78' lang='grc' dir='ltr'><strong><em>οὖν</em></strong></span> <span class='ocrx_word' id='word_1_252' title='bbox 1990 3163 2412 3234; x_wconf 77' lang='grc' dir='ltr'><strong><em>γνωριμώτερον</em></strong></span> <span class='ocrx_word' id='word_1_253' title='bbox 2455 3163 2520 3218; x_wconf 84' lang='grc' dir='ltr'><strong><em>τὸ</em></strong></span> <span class='ocrx_word' id='word_1_254' title='bbox 2556 3162 2831 3233; x_wconf 88' lang='grc' dir='ltr'><strong><em>πρότερον</em></strong></span> <span class='ocrx_word' id='word_1_255' title='bbox 2866 3167 2958 3215; x_wconf 74' lang='grc' dir='ltr'><strong><em>τοῦ</em></strong></span> 
     </span>
     <span class='ocr_line' id='line_1_28' title="bbox 517 3248 2644 3323; baseline -0 -16"><span class='ocrx_word' id='word_1_256' title='bbox 517 3251 752 3321; x_wconf 68' lang='grc' dir='ltr'><strong><em>ὕστερον</em></strong></span> <span class='ocrx_word' id='word_1_257' title='bbox 791 3248 916 3308; x_wconf 79' lang='grc' dir='ltr'><strong><em>οἷον</em></strong></span> <span class='ocrx_word' id='word_1_258' title='bbox 953 3252 1148 3322; x_wconf 87' lang='grc' dir='ltr'><strong><em>στιγμὴ</em></strong></span> <span class='ocrx_word' id='word_1_259' title='bbox 1187 3260 1443 3322; x_wconf 77' lang='grc' dir='ltr'><strong><em>γραμμῆς</em></strong></span> <span class='ocrx_word' id='word_1_260' title='bbox 1462 3295 1473 3307; x_wconf 91' lang='grc'><strong><em>.</em></strong></span> <span class='ocrx_word' id='word_1_261' title='bbox 1499 3296 1510 3307; x_wconf 99' lang='grc'><strong><em>.</em></strong></span> <span class='ocrx_word' id='word_1_262' title='bbox 1535 3296 1546 3307; x_wconf 99' lang='grc'><strong><em>.</em></strong></span> <span class='ocrx_word' id='word_1_263' title='bbox 1570 3250 1775 3322; x_wconf 84' lang='grc' dir='ltr'><strong><em>ὁμοίως</em></strong></span> <span class='ocrx_word' id='word_1_264' title='bbox 1810 3249 1874 3306; x_wconf 71' lang='grc' dir='ltr'><strong><em>δὲ</em></strong></span> <span class='ocrx_word' id='word_1_265' title='bbox 1911 3252 2009 3307; x_wconf 75' lang='grc' dir='ltr'><strong><em>καὶ</em></strong></span> <span class='ocrx_word' id='word_1_266' title='bbox 2047 3261 2321 3323; x_wconf 79' lang='grc' dir='ltr'><strong><em>στοιχεῖον</em></strong></span> <span class='ocrx_word' id='word_1_267' title='bbox 2358 3253 2644 3322; x_wconf 75' lang='grc' dir='ltr'><strong><em>συλλαβῆς.</em></strong></span> 
     </span>
    </p>

    <p class='ocr_par' dir='ltr' id='par_1_5' title="bbox 515 3340 2956 3498">
     <span class='ocr_line' id='line_1_29' title="bbox 694 3340 2956 3413; baseline -0.001 -19"><span class='ocrx_word' id='word_1_268' title='bbox 694 3344 746 3413; x_wconf 91' lang='grc'><strong><em>1)</em></strong></span> <span class='ocrx_word' id='word_1_269' title='bbox 783 3340 850 3394; x_wconf 92' lang='grc' dir='ltr'><strong><em>Κ.</em></strong></span> <span class='ocrx_word' id='word_1_270' title='bbox 878 3340 1194 3395; x_wconf 75' lang='lat' dir='ltr'>Reinhardt</span> <span class='ocrx_word' id='word_1_271' title='bbox 1229 3342 1295 3396; x_wconf 79' lang='lat' dir='ltr'><strong><em>de</em></strong></span> <span class='ocrx_word' id='word_1_272' title='bbox 1319 3342 1489 3397; x_wconf 78' lang='lat' dir='ltr'>Isocr.</span> <span class='ocrx_word' id='word_1_273' title='bbox 1528 3360 1665 3396; x_wconf 83' lang='lat' dir='ltr'><strong><em>aem.</em></strong></span> <span class='ocrx_word' id='word_1_274' title='bbox 1702 3341 1885 3412; x_wconf 89' lang='lat' dir='ltr'>(Bonn</span> <span class='ocrx_word' id='word_1_275' title='bbox 1923 3344 2082 3413; x_wconf 81' lang='lat'><strong>1873)</strong></span> <span class='ocrx_word' id='word_1_276' title='bbox 2121 3341 2174 3397; x_wconf 80' lang='lat' dir='ltr'><strong><em>S.</em></strong></span> <span class='ocrx_word' id='word_1_277' title='bbox 2208 3347 2273 3394; x_wconf 97' lang='grc'><strong><em>12</em></strong></span> <span class='ocrx_word' id='word_1_278' title='bbox 2309 3340 2457 3396; x_wconf 77' lang='lat' dir='ltr'>nach</span> <span class='ocrx_word' id='word_1_279' title='bbox 2495 3341 2707 3395; x_wconf 79' lang='lat' dir='ltr'>Usener</span> <span class='ocrx_word' id='word_1_280' title='bbox 2749 3341 2956 3411; x_wconf 60' lang='lat' dir='ltr'><strong><em>quaest.</em></strong></span> 
     </span>
     <span class='ocr_line' id='line_1_30' title="bbox 515 3429 2503 3498; baseline -0.002 -12"><span class='ocrx_word' id='word_1_281' title='bbox 515 3432 925 3486; x_wconf 73' lang='lat' dir='ltr'><strong><em>Anaximeneae</em></strong></span> <span class='ocrx_word' id='word_1_282' title='bbox 960 3429 1013 3484; x_wconf 80' lang='lat' dir='ltr'><strong><em>S.</em></strong></span> <span class='ocrx_word' id='word_1_283' title='bbox 1045 3435 1131 3498; x_wconf 86' lang='lat'><strong><em>26,</em></strong></span> <span class='ocrx_word' id='word_1_284' title='bbox 1160 3434 1244 3484; x_wconf 85' lang='lat'><strong><em>54.</em></strong></span> <span class='ocrx_word' id='word_1_285' title='bbox 2489 3483 2503 3497; x_wconf 16' lang='grc' dir='ltr'><strong><em>Δ,</em></strong></span> 
     </span>
    </p>

    <p class='ocr_par' dir='ltr' id='par_1_6' title="bbox 514 3515 3002 4664">
     <span class='ocr_line' id='line_1_31' title="bbox 693 3515 2959 3590; baseline -0 -18"><span class='ocrx_word' id='word_1_286' title='bbox 693 3522 747 3588; x_wconf 91' lang='grc'><strong><em>2)</em></strong></span> <span class='ocrx_word' id='word_1_287' title='bbox 786 3525 834 3587; x_wconf 87' lang='grc'><strong><em>2,</em></strong></span> <span class='ocrx_word' id='word_1_288' title='bbox 876 3523 942 3572; x_wconf 88' lang='lat'><strong><em>16</em></strong></span> <span class='ocrx_word' id='word_1_289' title='bbox 988 3516 1138 3580; x_wconf 81' lang='grc' dir='ltr'><strong><em>ὅπως</em></strong></span> <span class='ocrx_word' id='word_1_290' title='bbox 1183 3517 1239 3572; x_wconf 79' lang='grc' dir='ltr'><strong><em>οἱ</em></strong></span> <span class='ocrx_word' id='word_1_291' title='bbox 1283 3516 1550 3590; x_wconf 79' lang='grc' dir='ltr'><strong><em>βέλτιστοι</em></strong></span> <span class='ocrx_word' id='word_1_292' title='bbox 1595 3516 1699 3589; x_wconf 76' lang='grc' dir='ltr'><strong><em>μὲν</em></strong></span> <span class='ocrx_word' id='word_1_293' title='bbox 1742 3517 1844 3582; x_wconf 79' lang='grc' dir='ltr'><strong><em>τὰς</em></strong></span> <span class='ocrx_word' id='word_1_294' title='bbox 1887 3518 2052 3588; x_wconf 82' lang='grc' dir='ltr'><strong><em>τιμὰς</em></strong></span> <span class='ocrx_word' id='word_1_295' title='bbox 2100 3517 2338 3588; x_wconf 70' lang='grc' dir='ltr'><strong><em>ἕξουσιν,</em></strong></span> <span class='ocrx_word' id='word_1_296' title='bbox 2384 3518 2440 3573; x_wconf 79' lang='grc' dir='ltr'><strong><em>οἱ</em></strong></span> <span class='ocrx_word' id='word_1_297' title='bbox 2483 3517 2541 3573; x_wconf 75' lang='grc' dir='ltr'><strong><em>δ’</em></strong></span> <span class='ocrx_word' id='word_1_298' title='bbox 2583 3517 2740 3573; x_wconf 81' lang='grc' dir='ltr'><strong><em>ἄλλοι</em></strong></span> <span class='ocrx_word' id='word_1_299' title='bbox 2789 3515 2959 3589; x_wconf 73' lang='grc' dir='ltr'><strong><em>μηδὲν</em></strong></span> 
     </span>
     <span class='ocr_line' id='line_1_32' title="bbox 516 3604 2956 3679; baseline -0.002 -17"><span class='ocrx_word' id='word_1_300' title='bbox 516 3607 900 3675; x_wconf 75' lang='grc' dir='ltr'><strong><em>ἀδικήσονται.</em></strong></span> <span class='ocrx_word' id='word_1_301' title='bbox 957 3615 1133 3661; x_wconf 80' lang='grc' dir='ltr'><strong><em>ταῦτα</em></strong></span> <span class='ocrx_word' id='word_1_302' title='bbox 1170 3606 1278 3678; x_wconf 78' lang='grc' dir='ltr'><strong><em>γὰρ</em></strong></span> <span class='ocrx_word' id='word_1_303' title='bbox 1318 3617 1564 3678; x_wconf 78' lang='grc' dir='ltr'><strong><em>στοιχεῖα</em></strong></span> <span class='ocrx_word' id='word_1_304' title='bbox 1599 3617 1793 3676; x_wconf 84' lang='grc' dir='ltr'><strong><em>πρῶτα</em></strong></span> <span class='ocrx_word' id='word_1_305' title='bbox 1829 3609 1927 3662; x_wconf 79' lang='grc' dir='ltr'><strong><em>καὶ</em></strong></span> <span class='ocrx_word' id='word_1_306' title='bbox 1962 3606 2190 3679; x_wconf 80' lang='grc' dir='ltr'><strong><em>μέγιστα</em></strong></span> <span class='ocrx_word' id='word_1_307' title='bbox 2217 3616 2454 3679; x_wconf 81' lang='grc' dir='ltr'><strong><em>χρηστῆς</em></strong></span> <span class='ocrx_word' id='word_1_308' title='bbox 2479 3605 2763 3671; x_wconf 78' lang='grc' dir='ltr'><strong><em>πολιτείας</em></strong></span> <span class='ocrx_word' id='word_1_309' title='bbox 2800 3604 2956 3663; x_wconf 78' lang='grc' dir='ltr'><strong><em>ἐστίν.</em></strong></span> 
     </span>
     <span class='ocr_line' id='line_1_33' title="bbox 515 3693 2957 3768; baseline -0.002 -16"><span class='ocrx_word' id='word_1_310' title='bbox 515 3714 600 3766; x_wconf 84' lang='lat' dir='ltr'><strong><em>ep.</em></strong></span> <span class='ocrx_word' id='word_1_311' title='bbox 642 3702 674 3751; x_wconf 87' lang='lat'>6</span> <span class='ocrx_word' id='word_1_312' title='bbox 721 3695 798 3768; x_wconf 84' lang='grc' dir='ltr'><strong><em>[εἰ</em></strong></span> <span class='ocrx_word' id='word_1_313' title='bbox 831 3697 1086 3767; x_wconf 86' lang='grc' dir='ltr'><strong><em>γνησία],</em></strong></span> <span class='ocrx_word' id='word_1_314' title='bbox 1132 3701 1164 3750; x_wconf 90' lang='grc'>8</span> <span class='ocrx_word' id='word_1_315' title='bbox 1212 3697 1311 3751; x_wconf 77' lang='grc' dir='ltr'><strong><em>καὶ</em></strong></span> <span class='ocrx_word' id='word_1_316' title='bbox 1354 3704 1530 3751; x_wconf 77' lang='grc' dir='ltr'><strong><em>ταῦτα</em></strong></span> <span class='ocrx_word' id='word_1_317' title='bbox 1578 3696 1768 3765; x_wconf 75' lang='grc' dir='ltr'><strong><em>φράζω</em></strong></span> <span class='ocrx_word' id='word_1_318' title='bbox 1814 3693 1919 3767; x_wconf 71' lang='grc' dir='ltr'><strong><em>μὲν</em></strong></span> <span class='ocrx_word' id='word_1_319' title='bbox 1964 3696 2058 3751; x_wconf 78' lang='grc' dir='ltr'><strong><em>ἐπὶ</em></strong></span> <span class='ocrx_word' id='word_1_320' title='bbox 2102 3706 2214 3752; x_wconf 83' lang='grc' dir='ltr'><strong><em>τῶν</em></strong></span> <span class='ocrx_word' id='word_1_321' title='bbox 2261 3694 2458 3767; x_wconf 87' lang='grc' dir='ltr'><strong><em>λόγων,</em></strong></span> <span class='ocrx_word' id='word_1_322' title='bbox 2525 3695 2635 3751; x_wconf 80' lang='grc' dir='ltr'><strong><em>ἔστι</em></strong></span> <span class='ocrx_word' id='word_1_323' title='bbox 2686 3693 2751 3750; x_wconf 75' lang='grc' dir='ltr'><strong><em>δὲ</em></strong></span> <span class='ocrx_word' id='word_1_324' title='bbox 2802 3704 2957 3751; x_wconf 79' lang='grc' dir='ltr'><strong><em>τοῦτο</em></strong></span> 
     </span>
     <span class='ocr_line' id='line_1_34' title="bbox 516 3783 2956 3857; baseline -0.002 -17"><span class='ocrx_word' id='word_1_325' title='bbox 516 3794 790 3857; x_wconf 82' lang='grc' dir='ltr'><strong><em>στοιχεῖον</em></strong></span> <span class='ocrx_word' id='word_1_326' title='bbox 835 3784 935 3840; x_wconf 80' lang='grc' dir='ltr'><strong><em>καὶ</em></strong></span> <span class='ocrx_word' id='word_1_327' title='bbox 970 3784 1116 3839; x_wconf 80' lang='grc' dir='ltr'><strong><em>κατὰ</em></strong></span> <span class='ocrx_word' id='word_1_328' title='bbox 1156 3794 1267 3840; x_wconf 86' lang='grc' dir='ltr'><strong><em>τῶν</em></strong></span> <span class='ocrx_word' id='word_1_329' title='bbox 1304 3784 1485 3841; x_wconf 80' lang='grc' dir='ltr'><strong><em>ἄλλων</em></strong></span> <span class='ocrx_word' id='word_1_330' title='bbox 1522 3784 1791 3840; x_wconf 77' lang='grc' dir='ltr'><strong><em>ἁπάντων</em></strong></span> <span class='ocrx_word' id='word_1_331' title='bbox 1827 3785 1926 3841; x_wconf 74' lang='grc' dir='ltr'><strong><em>καὶ</em></strong></span> <span class='ocrx_word' id='word_1_332' title='bbox 1962 3785 2107 3841; x_wconf 77' lang='grc' dir='ltr'><strong><em>κατὰ</em></strong></span> <span class='ocrx_word' id='word_1_333' title='bbox 2142 3795 2254 3841; x_wconf 81' lang='grc' dir='ltr'><strong><em>τῶν</em></strong></span> <span class='ocrx_word' id='word_1_334' title='bbox 2290 3783 2569 3856; x_wconf 83' lang='grc' dir='ltr'><strong><em>ὑμετέρων</em></strong></span> <span class='ocrx_word' id='word_1_335' title='bbox 2604 3783 2956 3855; x_wconf 71' lang='grc' dir='ltr'><strong><em>πραγμάτων.</em></strong></span> 
     </span>
     <span class='ocr_line' id='line_1_35' title="bbox 514 3871 2958 3944; baseline -0.001 -16"><span class='ocrx_word' id='word_1_336' title='bbox 514 3874 736 3929; x_wconf 83' lang='lat' dir='ltr'>Ebenso</span> <span class='ocrx_word' id='word_1_337' title='bbox 784 3873 884 3927; x_wconf 85' lang='lat' dir='ltr'><strong><em>der</em></strong></span> <span class='ocrx_word' id='word_1_338' title='bbox 928 3890 1044 3942; x_wconf 84' lang='lat' dir='ltr'>sog.</span> <span class='ocrx_word' id='word_1_339' title='bbox 1083 3873 1459 3929; x_wconf 79' lang='lat' dir='ltr'>Anaximenes</span> <span class='ocrx_word' id='word_1_340' title='bbox 1495 3874 1660 3929; x_wconf 78' lang='lat' dir='ltr'>Rhet.</span> <span class='ocrx_word' id='word_1_341' title='bbox 1699 3879 1786 3944; x_wconf 78' lang='lat'><strong><em>37,</em></strong></span> <span class='ocrx_word' id='word_1_342' title='bbox 1828 3873 1999 3928; x_wconf 68' lang='lat'>144212</span> <span class='ocrx_word' id='word_1_343' title='bbox 2035 3881 2068 3928; x_wconf 86' lang='lat'><strong>3</strong></span> <span class='ocrx_word' id='word_1_344' title='bbox 2116 3874 2219 3930; x_wconf 79' lang='grc' dir='ltr'><strong><em>δύο</em></strong></span> <span class='ocrx_word' id='word_1_345' title='bbox 2266 3872 2371 3944; x_wconf 73' lang='grc' dir='ltr'><strong><em>μὲν</em></strong></span> <span class='ocrx_word' id='word_1_346' title='bbox 2416 3873 2487 3944; x_wconf 82' lang='grc' dir='ltr'><strong><em>δὴ</em></strong></span> <span class='ocrx_word' id='word_1_347' title='bbox 2537 3882 2781 3944; x_wconf 80' lang='grc' dir='ltr'><strong><em>στοιχεῖα</em></strong></span> <span class='ocrx_word' id='word_1_348' title='bbox 2827 3871 2958 3943; x_wconf 76' lang='grc' dir='ltr'><strong><em>λέγω</em></strong></span> 
     </span>
     <span class='ocr_line' id='line_1_36' title="bbox 515 3958 2958 4035; baseline -0.002 -16"><span class='ocrx_word' id='word_1_349' title='bbox 515 3962 684 4019; x_wconf 79' lang='grc' dir='ltr'><strong><em>κοινὰ</em></strong></span> <span class='ocrx_word' id='word_1_350' title='bbox 720 3961 865 4017; x_wconf 80' lang='grc' dir='ltr'><strong><em>κατὰ</em></strong></span> <span class='ocrx_word' id='word_1_351' title='bbox 901 3961 1148 4030; x_wconf 87' lang='grc' dir='ltr'><strong><em>πάντων,</em></strong></span> <span class='ocrx_word' id='word_1_352' title='bbox 1183 3962 1247 4017; x_wconf 82' lang='grc' dir='ltr'><strong><em>τὸ</em></strong></span> <span class='ocrx_word' id='word_1_353' title='bbox 1283 3960 1386 4032; x_wconf 71' lang='grc' dir='ltr'><strong><em>μὲν</em></strong></span> <span class='ocrx_word' id='word_1_354' title='bbox 1424 3958 1510 4027; x_wconf 74' lang='grc' dir='ltr'><strong><em>οἷς</em></strong></span> <span class='ocrx_word' id='word_1_355' title='bbox 1544 3961 1620 4018; x_wconf 75' lang='grc' dir='ltr'><strong><em>ἂν</em></strong></span> <span class='ocrx_word' id='word_1_356' title='bbox 1658 3961 1885 4035; x_wconf 78' lang='grc' dir='ltr'><strong><em>νομίζῃς</em></strong></span> <span class='ocrx_word' id='word_1_357' title='bbox 1919 3964 2051 4027; x_wconf 75' lang='grc' dir='ltr'><strong><em>τοὺς</em></strong></span> <span class='ocrx_word' id='word_1_358' title='bbox 2085 3962 2279 4032; x_wconf 78' lang='grc' dir='ltr'><strong><em>κριτὰς</em></strong></span> <span class='ocrx_word' id='word_1_359' title='bbox 2316 3962 2656 4032; x_wconf 72' lang='grc' dir='ltr'><strong><em>ἐπιπλήξειν,</em></strong></span> <span class='ocrx_word' id='word_1_360' title='bbox 2682 3980 2958 4032; x_wconf 72' lang='grc' dir='ltr'><strong><em>προκατα-</em></strong></span> 
     </span>
     <span class='ocr_line' id='line_1_37' title="bbox 515 4050 2957 4124; baseline -0.002 -18"><span class='ocrx_word' id='word_1_361' title='bbox 515 4050 766 4124; x_wconf 78' lang='grc' dir='ltr'><strong><em>λάμβανε</em></strong></span> <span class='ocrx_word' id='word_1_362' title='bbox 796 4052 1001 4113; x_wconf 75' lang='grc' dir='ltr'><strong><em>αὐτοὺς</em></strong></span> <span class='ocrx_word' id='word_1_363' title='bbox 1028 4052 1125 4106; x_wconf 78' lang='grc' dir='ltr'><strong><em>καὶ</em></strong></span> <span class='ocrx_word' id='word_1_364' title='bbox 1156 4050 1450 4122; x_wconf 77' lang='grc' dir='ltr'><strong><em>ἐπίπληττε</em></strong></span> <span class='ocrx_word' id='word_1_365' title='bbox 1478 4054 1593 4107; x_wconf 79' lang='grc' dir='ltr'><strong><em>κτλ.</em></strong></span> <span class='ocrx_word' id='word_1_366' title='bbox 1658 4051 1763 4106; x_wconf 82' lang='grc' dir='ltr'><strong><em>Β16</em></strong></span> <span class='ocrx_word' id='word_1_367' title='bbox 1791 4051 2126 4122; x_wconf 82' lang='lat' dir='ltr'>Vergleiehe</span> <span class='ocrx_word' id='word_1_368' title='bbox 2154 4051 2374 4107; x_wconf 82' lang='lat' dir='ltr'>Cieeros</span> <span class='ocrx_word' id='word_1_369' title='bbox 2404 4052 2473 4107; x_wconf 88' lang='lat' dir='ltr'><strong><em>de</em></strong></span> <span class='ocrx_word' id='word_1_370' title='bbox 2503 4054 2642 4107; x_wconf 76' lang='lat' dir='ltr'>orat.</span> <span class='ocrx_word' id='word_1_371' title='bbox 2672 4051 2725 4106; x_wconf 89' lang='lat' dir='ltr'>H</span> <span class='ocrx_word' id='word_1_372' title='bbox 2754 4056 2838 4121; x_wconf 86' lang='lat'><strong><em>30,</em></strong></span> <span class='ocrx_word' id='word_1_373' title='bbox 2861 4054 2957 4104; x_wconf 86' lang='lat'><strong><em>130</em></strong></span> 
     </span>
     <span class='ocr_line' id='line_1_38' title="bbox 515 4136 2958 4209; baseline -0.001 -14"><span class='ocrx_word' id='word_1_374' title='bbox 515 4142 634 4195; x_wconf 86' lang='lat' dir='ltr'><strong><em>und</em></strong></span> <span class='ocrx_word' id='word_1_375' title='bbox 669 4139 900 4209; x_wconf 78' lang='lat' dir='ltr'>Dionys,</span> <span class='ocrx_word' id='word_1_376' title='bbox 928 4139 1085 4195; x_wconf 90' lang='lat' dir='ltr'>Dem.</span> <span class='ocrx_word' id='word_1_377' title='bbox 1117 4157 1162 4196; x_wconf 86' lang='lat' dir='ltr'><strong><em>c.</em></strong></span> <span class='ocrx_word' id='word_1_378' title='bbox 1184 4146 1250 4194; x_wconf 86' lang='lat'><strong><em>52</em></strong></span> <span class='ocrx_word' id='word_1_379' title='bbox 1287 4140 1568 4197; x_wconf 86' lang='lat' dir='ltr'>beweisen</span> <span class='ocrx_word' id='word_1_380' title='bbox 1604 4140 1805 4196; x_wconf 76' lang='lat' dir='ltr'>niehts.</span> <span class='ocrx_word' id='word_1_381' title='bbox 1868 4140 2041 4196; x_wconf 90' lang='lat' dir='ltr'>Wohl</span> <span class='ocrx_word' id='word_1_382' title='bbox 2078 4142 2216 4196; x_wconf 84' lang='grc'><strong>61161·</strong></span> <span class='ocrx_word' id='word_1_383' title='bbox 2250 4141 2428 4195; x_wconf 75' lang='lat' dir='ltr'>findet</span> <span class='ocrx_word' id='word_1_384' title='bbox 2464 4140 2586 4194; x_wconf 84' lang='lat' dir='ltr'>sich</span> <span class='ocrx_word' id='word_1_385' title='bbox 2623 4140 2715 4195; x_wconf 86' lang='lat' dir='ltr'><strong><em>die</em></strong></span> <span class='ocrx_word' id='word_1_386' title='bbox 2753 4136 2958 4194; x_wconf 87' lang='lat' dir='ltr'>Termi-</span> 
     </span>
     <span class='ocr_line' id='line_1_39' title="bbox 516 4226 2958 4300; baseline 0.001 -15"><span class='ocrx_word' id='word_1_387' title='bbox 516 4229 741 4300; x_wconf 85' lang='lat' dir='ltr'>nologie</span> <span class='ocrx_word' id='word_1_388' title='bbox 786 4229 882 4284; x_wconf 90' lang='lat' dir='ltr'><strong><em>bei</em></strong></span> <span class='ocrx_word' id='word_1_389' title='bbox 928 4229 1057 4284; x_wconf 88' lang='lat' dir='ltr'><strong><em>dem</em></strong></span> <span class='ocrx_word' id='word_1_390' title='bbox 1093 4229 1346 4285; x_wconf 82' lang='lat' dir='ltr'>falsehen</span> <span class='ocrx_word' id='word_1_391' title='bbox 1380 4230 1597 4300; x_wconf 81' lang='lat' dir='ltr'>Dionys</span> <span class='ocrx_word' id='word_1_392' title='bbox 1632 4230 1737 4284; x_wconf 85' lang='lat' dir='ltr'><strong><em>Ars</em></strong></span> <span class='ocrx_word' id='word_1_393' title='bbox 1775 4230 1918 4285; x_wconf 74' lang='lat' dir='ltr'>rhet.</span> <span class='ocrx_word' id='word_1_394' title='bbox 1950 4236 2034 4300; x_wconf 86' lang='grc'><strong><em>12,</em></strong></span> <span class='ocrx_word' id='word_1_395' title='bbox 2065 4231 2119 4285; x_wconf 87' lang='lat' dir='ltr'><strong><em>S.</em></strong></span> <span class='ocrx_word' id='word_1_396' title='bbox 2141 4236 2261 4300; x_wconf 81' lang='lat'>115,</span> <span class='ocrx_word' id='word_1_397' title='bbox 2282 4235 2350 4284; x_wconf 89' lang='grc'><strong><em>20</em></strong></span> <span class='ocrx_word' id='word_1_398' title='bbox 2378 4230 2470 4283; x_wconf 86' lang='lat' dir='ltr'><strong><em>Us.</em></strong></span> <span class='ocrx_word' id='word_1_399' title='bbox 2512 4229 2624 4284; x_wconf 80' lang='grc' dir='ltr'><strong><em>ἔστι</em></strong></span> <span class='ocrx_word' id='word_1_400' title='bbox 2660 4226 2724 4283; x_wconf 71' lang='grc' dir='ltr'><strong><em>δὲ</em></strong></span> <span class='ocrx_word' id='word_1_401' title='bbox 2761 4228 2833 4283; x_wconf 79' lang='grc' dir='ltr'><strong><em>τὰ</em></strong></span> <span class='ocrx_word' id='word_1_402' title='bbox 2867 4234 2958 4297; x_wconf 82' lang='grc' dir='ltr'><strong><em>τῆς</em></strong></span> 
     </span>
     <span class='ocr_line' id='line_1_40' title="bbox 516 4316 2957 4390; baseline -0.002 -15"><span class='ocrx_word' id='word_1_403' title='bbox 516 4317 839 4382; x_wconf 77' lang='grc' dir='ltr'><strong><em>ὑποθέσεως</em></strong></span> <span class='ocrx_word' id='word_1_404' title='bbox 875 4327 1119 4390; x_wconf 78' lang='grc' dir='ltr'><strong><em>στοιχεῖα</em></strong></span> <span class='ocrx_word' id='word_1_405' title='bbox 1154 4317 1418 4388; x_wconf 78' lang='grc' dir='ltr'><strong><em>τέσσαρα·</em></strong></span> <span class='ocrx_word' id='word_1_406' title='bbox 1464 4316 1780 4390; x_wconf 82' lang='grc' dir='ltr'><strong><em>προοίμιον,</em></strong></span> <span class='ocrx_word' id='word_1_407' title='bbox 1820 4317 2099 4390; x_wconf 75' lang='grc' dir='ltr'><strong><em>διήγησις,</em></strong></span> <span class='ocrx_word' id='word_1_408' title='bbox 2135 4316 2369 4387; x_wconf 82' lang='grc' dir='ltr'><strong><em>πίστεις,</em></strong></span> <span class='ocrx_word' id='word_1_409' title='bbox 2408 4317 2670 4389; x_wconf 73' lang='grc' dir='ltr'><strong><em>ἐπίλογοι.</em></strong></span> <span class='ocrx_word' id='word_1_410' title='bbox 2744 4318 2957 4371; x_wconf 88' lang='lat' dir='ltr'>Anders</span> 
     </span>
     <span class='ocr_line' id='line_1_41' title="bbox 515 4404 2956 4479; baseline -0.001 -15"><span class='ocrx_word' id='word_1_411' title='bbox 515 4411 694 4472; x_wconf 74' lang='lat' dir='ltr'>neunt</span> <span class='ocrx_word' id='word_1_412' title='bbox 728 4407 1051 4463; x_wconf 84' lang='lat' dir='ltr'>Theodoros</span> <span class='ocrx_word' id='word_1_413' title='bbox 1087 4407 1181 4463; x_wconf 88' lang='lat' dir='ltr'><strong><em>die</em></strong></span> <span class='ocrx_word' id='word_1_414' title='bbox 1219 4414 1249 4462; x_wconf 80' lang='lat'>7</span> <span class='ocrx_word' id='word_1_415' title='bbox 1278 4408 1622 4479; x_wconf 70' lang='lat' dir='ltr'>Kategorien</span> <span class='ocrx_word' id='word_1_416' title='bbox 1659 4408 1821 4479; x_wconf 71' lang='lat' dir='ltr'>quis?</span> <span class='ocrx_word' id='word_1_417' title='bbox 1857 4408 2032 4479; x_wconf 75' lang='lat' dir='ltr'>quid?</span> <span class='ocrx_word' id='word_1_418' title='bbox 2066 4408 2205 4464; x_wconf 75' lang='lat' dir='ltr'><strong><em>ubi?</em></strong></span> <span class='ocrx_word' id='word_1_419' title='bbox 2241 4410 2346 4463; x_wconf 76' lang='lat' dir='ltr'>ete.</span> <span class='ocrx_word' id='word_1_420' title='bbox 2395 4417 2639 4479; x_wconf 80' lang='grc' dir='ltr'><strong><em>στοιχεῖα</em></strong></span> <span class='ocrx_word' id='word_1_421' title='bbox 2683 4414 2784 4461; x_wconf 76' lang='grc' dir='ltr'><strong><em>τοῦ</em></strong></span> <span class='ocrx_word' id='word_1_422' title='bbox 2819 4404 2956 4475; x_wconf 88' lang='grc' dir='ltr'><strong><em>πρά-</em></strong></span> 
     </span>
     <span class='ocr_line' id='line_1_42' title="bbox 518 4492 2956 4569; baseline -0.001 -18"><span class='ocrx_word' id='word_1_423' title='bbox 518 4516 726 4569; x_wconf 75' lang='grc' dir='ltr'><strong><em>γματος</em></strong></span> <span class='ocrx_word' id='word_1_424' title='bbox 763 4496 948 4567; x_wconf 78' lang='lat' dir='ltr'>(Rhet.</span> <span class='ocrx_word' id='word_1_425' title='bbox 976 4497 1076 4553; x_wconf 69' lang='lat' dir='ltr'><strong>lat..</strong></span> <span class='ocrx_word' id='word_1_426' title='bbox 1104 4515 1159 4567; x_wconf 88' lang='lat' dir='ltr'><strong><em>p.</em></strong></span> <span class='ocrx_word' id='word_1_427' title='bbox 1184 4503 1302 4567; x_wconf 92' lang='grc'><strong>141,</strong></span> <span class='ocrx_word' id='word_1_428' title='bbox 1325 4503 1356 4550; x_wconf 91' lang='grc'><strong>6</strong></span> <span class='ocrx_word' id='word_1_429' title='bbox 1383 4497 1493 4568; x_wconf 87' lang='grc' dir='ltr'><strong><em>Η.),</em></strong></span> <span class='ocrx_word' id='word_1_430' title='bbox 1520 4497 1636 4567; x_wconf 84' lang='lat' dir='ltr'><strong>vgl.</strong></span> <span class='ocrx_word' id='word_1_431' title='bbox 1664 4497 1895 4567; x_wconf 79' lang='lat' dir='ltr'>Dionys.</span> <span class='ocrx_word' id='word_1_432' title='bbox 1923 4498 2048 4567; x_wconf 74' lang='lat' dir='ltr'>LyS.</span> <span class='ocrx_word' id='word_1_433' title='bbox 2083 4503 2146 4551; x_wconf 85' lang='lat'><strong><em>15</em></strong></span> <span class='ocrx_word' id='word_1_434' title='bbox 2187 4493 2358 4551; x_wconf 73' lang='grc' dir='ltr'><strong><em>οὐδὲν</em></strong></span> <span class='ocrx_word' id='word_1_435' title='bbox 2394 4497 2500 4567; x_wconf 81' lang='grc' dir='ltr'><strong><em>γὰρ</em></strong></span> <span class='ocrx_word' id='word_1_436' title='bbox 2530 4495 2717 4558; x_wconf 78' lang='grc' dir='ltr'><strong><em>ἁπλῶς</em></strong></span> <span class='ocrx_word' id='word_1_437' title='bbox 2752 4492 2956 4553; x_wconf 82' lang='grc' dir='ltr'><strong><em>Λυσίας</em></strong></span> 
     </span>
     <span class='ocr_line' id='line_1_43' title="bbox 515 4581 3002 4664; baseline -0.003 -21"><span class='ocrx_word' id='word_1_438' title='bbox 515 4584 852 4656; x_wconf 82' lang='grc' dir='ltr'><strong><em>παραλείπει</em></strong></span> <span class='ocrx_word' id='word_1_439' title='bbox 869 4595 981 4642; x_wconf 82' lang='grc' dir='ltr'><strong><em>τῶν</em></strong></span> <span class='ocrx_word' id='word_1_440' title='bbox 999 4585 1301 4658; x_wconf 73' lang='grc' dir='ltr'><strong><em>στοιχείων,</em></strong></span> <span class='ocrx_word' id='word_1_441' title='bbox 1317 4587 1374 4654; x_wconf 73' lang='grc' dir='ltr'><strong><em>ἐξ</em></strong></span> <span class='ocrx_word' id='word_1_442' title='bbox 1396 4581 1756 4658; x_wconf 79' lang='grc' dir='ltr'><strong><em>ὧνὸμολογεῖ</em></strong></span> <span class='ocrx_word' id='word_1_443' title='bbox 1771 4587 1829 4659; x_wconf 89' lang='lat' dir='ltr'><strong><em>[l.</em></strong></span> <span class='ocrx_word' id='word_1_444' title='bbox 1849 4586 1907 4653; x_wconf 74' lang='grc' dir='ltr'><strong><em>ἐξ</em></strong></span> <span class='ocrx_word' id='word_1_445' title='bbox 1926 4582 2006 4642; x_wconf 81' lang='grc' dir='ltr'><strong><em>ὧν</em></strong></span> <span class='ocrx_word' id='word_1_446' title='bbox 2024 4585 2100 4641; x_wconf 75' lang='grc' dir='ltr'><strong><em>ἂν</em></strong></span> <span class='ocrx_word' id='word_1_447' title='bbox 2118 4587 2149 4641; x_wconf 84' lang='grc' dir='ltr'><strong><em>ὁ</em></strong></span> <span class='ocrx_word' id='word_1_448' title='bbox 2171 4585 2333 4657; x_wconf 85' lang='grc' dir='ltr'><strong><em>λόγος</em></strong></span> <span class='ocrx_word' id='word_1_449' title='bbox 2353 4585 2482 4658; x_wconf 83' lang='grc' dir='ltr'><strong><em>εἴη],</em></strong></span> <span class='ocrx_word' id='word_1_450' title='bbox 2499 4586 2566 4640; x_wconf 78' lang='grc' dir='ltr'><strong><em>οὐ</em></strong></span> <span class='ocrx_word' id='word_1_451' title='bbox 2585 4583 2656 4639; x_wconf 81' lang='grc' dir='ltr'><strong><em>τὰ</em></strong></span> <span class='ocrx_word' id='word_1_452' title='bbox 2674 4582 2954 4654; x_wconf 87' lang='grc' dir='ltr'><strong><em>πρόσωπα,</em></strong></span> <span class='ocrx_word' id='word_1_453' title='bbox 2999 4657 3002 4664; x_wconf 93' lang='lat'>.</span> 
     </span>
    </p>
   </div>
   <div class='ocr_carea' id='block_1_5' title="bbox 3102 0 3110 4599">
    <p class='ocr_par' dir='ltr' id='par_1_7' title="bbox 3102 0 3110 4599">
     <span class='ocr_line' id='line_1_44' title="bbox 3102 0 3110 4599; baseline 0 0"><span class='ocrx_word' id='word_1_454' title='bbox 3102 0 3110 4599; x_wconf 95' lang='lat' dir='ltr'><strong><em> </em></strong></span> 
     </span>
    </p>
   </div>
  </div>
 </body>
</html>
