3140 5213
1205 371 1648 434 —27-

194 530 423 595 8016116
468 530 847 596 ‘Elementa’
895 530 1059 595 811611
1103 534 1293 595 unter
1339 531 1483 596 (16111
1528 529 1783 596 Numen
1826 531 1937 596 (168
1982 531 2161 597 Leon
2174 529 2252 619 ¹),
2298 531 2410 596 (161·
2455 534 2651 595 etwas

194 659 322 701 vor
368 635 746 702 Aristoteles
792 636 963 702 1611116
970 687 990 722 ,
1043 637 1176 701 und
1220 659 1351 702 von
1393 637 1833 722 Hippola-ates
1879 660 2008 702 von
2054 636 2276 721 011108,
2330 634 2651 702 Sokrates’

192 743 679 829 Ζ6113611ο88611,
724 744 950 809 (1688611
993 743 1680 827 Meniskenquadratur
1723 766 1846 808 uns
1884 766 1998 808 aus
2042 744 2292 808 Eudem
2336 743 2442 807 bei
2488 740 2652 807 Sim-

191 850 436 933 plioius
473 850 762 916 erhalten
797 850 899 916 ist.
913 847 984 938 ²).
1061 848 1238 915 Aber
1282 850 1494 915 weder
1538 851 1627 915 ist
1670 850 1897 935 sicher,
1934 850 2072 915 dass
2118 849 2290 915 (11686
2327 846 2653 914 Schriflzen

191 957 292 1021 im
342 955 666 1022 Altertum
712 956 1010 1023 wirklioh
1056 960 1371 1041 Στοιχεῖα
1416 957 1749 1043 geheissen
1792 957 2020 1041 haben,
2063 956 2234 1022 noch
2279 955 2496 1020 wflrde
2545 955 2652 1019 bei

193 1063 319 1127 (161·
369 1062 825 1129 Unsioherheit
887 1063 1000 1128 (161·
1054 1063 1454 1129 Buchertitel
1515 1085 1634 1129 vor
1696 1064 1810 1129 (161·
1867 1061 2459 1128 alexandfinisohen
2511 1061 2654 1127 Zeit

193 1168 432 1254 irgend
494 1174 690 1235 etwas
755 1170 984 1235 damus
1046 1170 1153 1235 fiir
1207 1170 1319 1235 (1118
1374 1169 1560 1235 Alter
1614 1171 1821 1236 dieser
1878 1168 2353 1255 Terminologie
2416 1167 2652 1254 fulgen.

192 1275 348 1340 Nur
406 1276 607 1341 soviel
665 1276 861 1341 sehon
928 1277 1048 1341 wir
1114 1276 1486 1364 allerdingS,
1550 1277 1688 1342 dass
1752 1299 1831 1341 zu
1893 1275 2292 1341 Aristotele&
2337 1274 2479 1340 Zeit
2541 1274 2655 1339 der

194 1383 732 1450 mathematische
777 1383 1116 1449 Terminus
1171 1394 1464 1468 στοιχεῖα
1515 1383 1753 1450 bereits
1807 1386 2080 1470 gepriigt
2132 1405 2281 1448 war.
2371 1381 2503 1446 Das
2546 1381 2654 1446 be-

200 1664 405 1734 Simpl.
446 1665 516 1719 de
555 1665 713 1720 caelo
750 1671 872 1735 414,
905 1660 1106 1730 2'unffl
1130 1665 1259 1720 sehr
1294 1665 1378 1720 oft
1412 1664 1506 1720 bei
1541 1664 1721 1720 Procl.
1759 1664 1821 1718 in
1856 1664 2011 1720 Eucl.
2050 1663 2133 1718 El.
2172 1663 2306 1734 (vgl.
2343 1662 2654 1719 Friedleins

195 1753 324 1808 Ind.
364 1753 415 1807 S.
446 1756 590 1823 439).
670 1757 933 1825 Στοιχεῖα
969 1753 1047 1808 ist
1084 1755 1237 1808 dann
1272 1754 1331 1807 in
1369 1754 1470 1809 der
1503 1752 1885 1809 Mathematik
1923 1752 2017 1808 6111
2051 1751 2307 1808 fiblicher
2344 1751 2650 1820 Buchtite1‚

195 1841 317 1913 vgl.
358 1861 402 1897 z.
432 1842 495 1897 B.
533 1841 912 1897 Archimedes'
952 1842 1183 1898 Κωνικὰ
1221 1850 1466 1914 στοιχεῖα
1501 1842 1528 1896 Ῑ
1565 1848 1687 1911 302,
1717 1849 1766 1897 4.
1805 1841 1858 1896 11
1894 1847 2017 1911 298,
2044 1848 2095 1896 4.
2136 1846 2256 1910 300,
2288 1846 2355 1894 10
2392 1839 2554 1896 Heib.

387 1934 439 2002 1)
474 1930 654 1985 Procl.
702 1929 764 1984 in
808 1930 966 1988 Eucl.
1005 1931 1056 1987 8.
1088 1937 1173 2002 66,
1207 1937 1279 1986 20
1312 1930 1516 1986 Friedl.
1565 1929 1702 1985 ὥστε
1746 1931 1846 1985 τὸν
1890 1928 2109 1986 Λέοντα
2154 1931 2253 1985 καὶ
2295 1928 2366 1984 τὰ
2412 1937 2657 2000 στοιχεῖα

199 2024 506 2092 συνθεῖναι
542 2024 618 2091 τῷ
655 2038 714 2074 τε
749 2018 961 2089 πλήθει
996 2022 1094 2076 καὶ
1130 2029 1197 2092 τῇ
1232 2018 1394 2094 χρείᾳ
1429 2028 1541 2075 τῶν
1579 2016 1959 2088 δεικνυμένων
1998 2015 2426 2088 ἐπιμελέστερον.

385 2111 438 2180 2)
473 2108 654 2163 Procl.
693 2126 742 2163 a.
775 2107 837 2163 Ο.
878 2109 930 2164 S.
961 2114 1046 2179 66,
1078 2117 1106 2165 7
1147 2118 1363 2178 πρῶτος
1398 2107 1505 2179 γὰρ
1543 2109 1575 2165 ὁ
1604 2106 1980 2178 Ἱπποκράτης
2013 2116 2126 2163 τῶν
2152 2105 2656 2178 μνημονευομένων

202 2198 302 2252 καὶ
342 2207 585 2269 στοιχεῖα
625 2195 993 2268 συνέγραψεν.
1065 2197 1165 2253 Ι611
1201 2196 1335 2268 fi‘ige
1373 2197 1465 2252 die
1500 2196 1836 2265 Definition,
1875 2196 1967 2252 (116
2003 2196 2231 2251 Ρ106108
2267 2213 2376 2251 von
2412 2205 2656 2268 στοιχεῖα

200 2286 323 2340 und
360 2286 684 2358 στοιχειώδη
722 2285 897 2356 giebt,
928 2305 1013 2356 zu,
1040 2285 1172 2341 weil
1209 2286 1354 2341 auch
1392 2285 1596 2341 altores
1635 2285 1750 2341 Gut
1785 2288 1851 2355 (z.
1882 2284 1944 2340 Τ.
1984 2285 2088 2339 auf
2118 2285 2228 2340 den
2263 2285 2658 2340 bedeubenden

198 2374 588 2430 Menaichmos
601 2418 615 2443 ,
669 2374 902 2430 Schfiler
949 2376 1048 2430 (168
1084 2375 1374 2444 Eudoxos,
1415 2374 1868 2446 zun‘ickgehend)
1907 2374 2072 2429 darin
2108 2373 2659 2443 zusammengestellt

199 2463 305 2520 ist:
361 2462 424 2517 in
469 2463 626 2519 Eucl.
677 2464 728 2518 S.
771 2469 855 2532 72,
896 2470 923 2517 1
977 2473 1089 2519 τῶν
1149 2462 1345 2519 τοίνυν
1390 2463 1775 2534 θεωρημάτων
1820 2462 1892 2517 τὰ
1937 2460 2041 2533 μὲν
2079 2462 2315 2518 εἰώθασι
2353 2471 2657 2533 στοιχεῖα

200 2556 428 2622 καλεῖν,
475 2551 546 2606 τὰ
593 2549 657 2608 δὲ
704 2553 1136 2625 στοιχειώδη,
1183 2551 1253 2606 τὰ
1300 2549 1363 2609 δὲ
1413 2551 1513 2620 ἔξω
1559 2560 1658 2623 τῆς
1706 2552 1918 2609 τούτων
1969 2549 2295 2623 ἀφορίζεται
2349 2548 2656 2621 δυνάμεως.

202 2651 512 2713 στοιχεῖα
564 2639 667 2712 μὲν
720 2638 824 2698 οὖν
876 2640 1336 2712 ἐπονομάζονται,
1389 2637 1468 2697 ὧν
1514 2642 1550 2712 ἡ
1597 2640 1815 2711 θεωρία
1867 2644 2166 2697 διικνεῖται
2210 2642 2350 2710 πρὸς
2394 2642 2498 2711 τὴν
2547 2650 2659 2696 τῶν

201 2731 389 2786 ἄλλων
439 2729 748 2802 ἐπιστήμην
797 2732 895 2787 καὶ
945 2730 1051 2801 ἀφ’
1096 2725 1176 2786 ὧν
1224 2728 1601 2801 παραγίνεται
1651 2730 1788 2800 ἡμῖν
1839 2739 1951 2786 τῶν
1999 2730 2062 2788 ἐν
2109 2731 2301 2794 αὐτοῖς
2345 2728 2575 2798 ἀπόρων
2621 2729 2658 2799 ἡ

200 2818 473 2883 διάλυσις.
549 2820 623 2883 ὡς
668 2818 776 2890 γὰρ
822 2828 920 2890 τῆς
966 2818 1355 2890 ἐγγραμμάτου
1403 2827 1596 2890 φωνῆς
1641 2819 1781 2874 εἰσιν
1829 2820 2000 2891 ἀρχαὶ
2045 2828 2261 2888 πρῶται
2303 2820 2402 2875 καὶ
2452 2818 2660 2874 ἁπλού-

202 2926 406 2963 σταται
452 2908 551 2963 καὶ
596 2906 937 2977 ἀδιαίρετοι,
984 2904 1077 2971 αἶς
1120 2908 1184 2962 τὸ
1237 2907 1416 2978 ὄνομα
1460 2917 1574 2963 τῶν
1612 2906 1896 2979 στοιχείων
1934 2905 2337 2978 ἐπιφημίζομεν
2373 2908 2472 2963 καὶ
2506 2915 2661 2962 πᾶσα

200 2995 352 3063 λέξις
399 2996 460 3051 ἐκ
498 2997 710 3052 τούτων
746 2994 1058 3067 ὑφέστηκεν
1094 2997 1193 3051 καὶ
1227 3005 1342 3060 πᾶς
1378 2995 1565 3067 λόγος,
1605 2994 1749 3052 οὕτω
1787 2996 1857 3067 δὴ
1896 2997 1993 3052 καὶ
2028 3004 2127 3066 τῆς
2163 2994 2293 3067 ὅλης
2329 2994 2662 3067 γεωμετρίας

201 3083 323 3141 ἐστί
367 3105 497 3142 τινα
541 3083 886 3154 θεωρήματα
931 3086 1328 3155 προηγούμενα
1375 3086 1471 3141 καὶ
1519 3084 1694 3156 ἀρχῆς
1738 3084 1906 3156 λόγον
1943 3085 2140 3157 ἔχοντα
2178 3085 2318 3155 πρὸς
2353 3084 2424 3139 τὰ
2461 3084 2661 3156 ἐφεξῆς

200 3176 308 3231 καὶ
356 3175 629 3244 διήκοντα
676 3173 775 3229 διὰ
814 3172 1052 3234 ,πάντων
1098 3174 1196 3229 καὶ
1218 3165 1599 3246 παρεχόμενα
1635 3177 1855 3230 πολλῶν
1892 3172 2210 3241 ἀποδείξεις
2246 3173 2662 3244 συμπτωμάτων

202 3264 244 3319 ἃ
286 3264 359 3333 δὴ
398 3272 641 3334 στοιχεῖα
679 3263 1173 3333 προσαγορεύουσι.
1248 3263 1559 3334 στοιχειώ
1576 3265 1655 3334 δη
1695 3261 1751 3318 δ’
1787 3263 1935 3319 ἐστὶν
1973 3262 2078 3318 ὅσα
2115 3262 2383 3319 διατείνει
2419 3261 2523 3333 μὲν
2568 3264 2662 3319 ἐπὶ

200 3349 377 3407 πλείω
430 3353 530 3407 καὶ
574 3353 638 3407 τὸ
685 3351 902 3407 ἁπλοῦν
952 3351 1060 3423 ἔχει
1097 3353 1196 3406 καὶ
1230 3352 1294 3406 τὸ
1330 3349 1545 3423 χαρίεν,
1583 3349 1769 3407 οὐκέτι
1806 3352 1919 3423 μὴν
1955 3352 2053 3408 καὶ
2088 3352 2192 3423 τὴν
2227 3362 2340 3409 τῶν
2376 3350 2663 3424 στοιχείων

200 3438 379 3507 ἀξίαν
414 3446 490 3512 τῷ
528 3441 603 3510 μὴ
641 3440 783 3510 πρὸς
818 3447 1010 3495 πᾶσαν
1048 3440 1234 3496 αὐτῶν
1270 3440 1372 3510 τὴν
1411 3439 1717 3510 ἐπιστήμην
1753 3440 1953 3511 κοινὴν
1991 3436 2140 3497 εἶναι
2175 3441 2278 3512 τὴν
2322 3441 2660 3511 θεωριάν...

201 3528 379 3585 πάλιν
430 3526 493 3584 δὲ
539 3529 603 3584 τὸ
651 3537 926 3600 στοιχεῖον
972 3526 1188 3598 λέγεται
1234 3531 1403 3600 διχῶς
1439 3527 1513 3592 ὥς
1549 3546 1724 3599 φησιν
1762 3528 1793 3584 ὁ
1832 3526 2245 3601 Μέναιχμος.
2320 3530 2417 3585 καὶ
2454 3529 2561 3600 γὰρ
2597 3530 2661 3585 τὸ

202 3616 628 3683 κατασκευάζον
693 3616 802 3671 ἐστὶ
868 3626 968 3673 τοῦ
1023 3615 1580 3687 κατασκευαζομένου
1645 3626 1920 3689 στοιχεῖον
1984 3618 2058 3681 ὡς
2120 3618 2183 3673 τὸ
2244 3627 2466 3687 πρῶτον
2519 3616 2654 3687 παρ’

206 3705 489 3779 Εὐκλείδῃ
526 3714 626 3761 τοῦ
646 3703 927 3774 ,δευτέρου
965 3706 1062 3761 καὶ
1097 3714 1198 3761 τοῦ
1234 3704 1487 3776 πέμπτου
1524 3706 1587 3762 τὸ
1624 3704 1904 3776 τέταρτον.
1981 3704 2123 3761 οὕτω
2161 3704 2224 3762 δὲ
2270 3708 2369 3762 καὶ
2414 3705 2662 3774 ἀλλήλων

208 3791 365 3851 εἶναι
400 3794 580 3850 πολλὰ
618 3802 861 3865 στοιχεῖα
899 3792 1210 3865 ῤἠθήσεται
1231 3838 1243 3850 .
1268 3837 1280 3850 .
1303 3838 1315 3850 .
1360 3794 1573 3859 ἄλλως
1609 3792 1673 3850 δὲ
1710 3792 1923 3865 λέγεται
1962 3804 2235 3866 στοιχεῖον
2272 3796 2352 3859 εἰς
2387 3793 2418 3850 ὃ
2455 3795 2664 3850 ἁπλού-

208 3903 407 3952 στερον
457 3881 713 3954 ὑπάρχον
765 3885 1066 3952 διαιρεῖται
1115 3884 1179 3939 τὸ
1231 3884 1533 3940 σύνθετον·
1603 3881 1778 3946 οὕτως
1827 3881 1891 3938 δὲ
1944 3885 2011 3938 οὐ
2061 3892 2179 3939 πᾶν
2228 3884 2307 3939 ἔτι
2351 3882 2663 3956 ῥηθήσεται

205 3972 423 4036 παντὸς
470 3981 770 4043 στοιχεῖον,
817 3972 958 4027 ἀλλὰ
1004 3972 1076 4026 τὰ
1120 3970 1544 4044 ἀρχοειδέστερα
1591 3981 1703 4029 τῶν
1752 3972 1813 4029 ἐν
1853 3971 2294 4044 ἀποτελέσματος
2328 3973 2471 4048 λόγῳ
2507 3993 2663 4030 τετα-

207 4059 448 4133 γμένων,
495 4059 675 4129 ὥσπερ
722 4060 791 4115 τὰ
839 4059 1120 4131 αἰτήματα
1167 4070 1412 4132 στοιχεῖα
1456 4070 1568 4118 τῶν
1605 4060 2003 4132 θεωρημάτων.
2077 4063 2223 4118 κατὰ
2259 4061 2322 4118 δὲ
2359 4071 2525 4118 τοῦτο
2561 4070 2662 4117 τοῦ

208 4147 487 4220 στοιχείου
525 4149 588 4204 τὸ
626 4148 1040 4219 σημαινόμενον
1086 4150 1184 4205 καὶ
1219 4149 1290 4204 τὰ
1326 4148 1465 4218 παρ’
1501 4147 1779 4222 Εὐκλείδῃ
1818 4160 2060 4223 στοιχεῖα
2099 4150 2416 4223 συνετάχθη
2452 4149 2523 4207 τὰ
2560 4147 2662 4221 μὲν

206 4247 307 4308 τῆς
352 4237 481 4307 περὶ
525 4235 597 4291 τὰ
642 4236 884 4293 ἐπίπεδα
929 4236 1263 4308 γεωμετρίας
1308 4238 1378 4293 τὰ
1428 4235 1492 4293 δὲ
1538 4247 1637 4308 τῆς
1683 4238 2118 4309 στερεομετρίας·
2185 4238 2328 4295 οὕτω
2365 4237 2428 4295 δὲ
2466 4241 2564 4295 καὶ
2601 4238 2663 4296 ἐν

208 4336 328 4391 τοῖς
365 4326 763 4397 ἀριθμητικοῖς
799 4329 898 4383 καὶ
937 4327 1000 4383 ἐν
1035 4336 1154 4391 τοῖς
1190 4328 1619 4397 ἀστρονομικοῖς
1655 4329 2017 4399 στοιχειώσεις
2052 4329 2246 4383 πολλοὶ
2283 4325 2662 4399 συνέγραψαν.

211 4416 327 4471 ἔστι
362 4413 428 4470 δὲ
464 4423 630 4471 τοῦτο
666 4417 913 4488 χαλεπὸν
949 4418 1047 4473 καὶ
1082 4417 1144 4471 τὸ
1184 4414 1519 4483 ἐκλέξασθαι
1556 4418 1655 4472 καὶ
1691 4415 1855 4483 τάξαι
1893 4415 2039 4471 κατὰ
2074 4416 2285 4485 τρόπον
2320 4415 2392 4470 τὰ
2420 4425 2663 4487 στοιχεῖα

210 4502 354 4560 καθ’
401 4502 640 4574 ἑκάστην
690 4503 1014 4577 ἐπιστήμην,
1064 4503 1171 4575 ἀφ’
1216 4499 1295 4560 ὧν
1343 4504 1415 4558 τὰ
1465 4504 1608 4559 ἄλλα
1653 4504 1963 4576 προάγεται
2006 4502 2195 4570 πάντα
2240 4504 2339 4559 καὶ
2384 4504 2464 4568 εἰς
2508 4502 2546 4558 ἃ
2594 4504 2664 4560 τὰ

211 4593 351 4649 ἄλλα
390 4593 708 4649 ἀναλύεται.
